2917 4742
640 146 674 202 (¹

200 394 249 434 ·-
314 350 439 459 snas
551 341 887 437 ,HriibNYtnr
929 338 1281 467 worm

317 558 322 563 “
340 554 409 610 niae
423 544 505 621 fidei,
524 542 564 605 stc
580 538 732 620 excelluit,
754 562 786 607 vt
803 546 1075 631 principatum'fibt
1089 546 1199 609 merito
1213 546 1351 609 vendicet.

341 629 414 711 Quo
437 632 538 689 minus
559 646 661 702 autern
682 624 748 689 vsus
767 632 820 691 lllo
835 620 895 702 iarh
909 632 1026 713 pridem
1042 632 1167 704 luerim,
1184 632 1316 691 minutae
1329 650 1352 692 et

290 740 293 749 ·
342 718 481 776 exoletae
494 714 608 786 literae,
630 724 716 792 quas·
729 732 787 772 nec
800 710 927 793 speculis
942 712 1090 791 adhibitis,
1119 710 1285 795 perspicere
1308 734 1351 791 po·

278 792 299 805 ”
325 794 619 883 -ωἱ,,οὴίὶὶῐεωηῐ..
646 794 786 856 Tandem
800 798 832 856 in
850 816 983 859 mentem
1000 801 1083 859 venit
1104 802 1147 860 M.
1163 797 1290 858 Simonis
1308 797 1351 855 Fa-

243 907 248 913 ·
342 878 438 955 bricii,
457 878 520 943 mei
533 880 677 957 collegae,
694 879 926 955 riri'dodiilhmr‚
948 898 979 941 et
995 882 1027 940 in
1043 880 1163 943 Graecis
1173 881 1266 941 literis
1276 898 1353 939 exer·

340 962 511 1037 citatissimi,
531 980 638 1040 quem,
665 964 826 1023 cum.acie
855 966 1011 1025 oculorum
1039 986 1102 1025 non
1124 967 1238 1037 minus,
1268 982 1352 1041 quam

340 1048 460 1131 ingenii
490 1045 629 1114 acumine
657 1046 775 1125 pollere
795 1041 915 1121 scirem,
958 1048 1084 1127 rogaui,
1123 1048 1155 1109 v't
1191 1046 1352 1126 periculum

341 1131 469 1204 faceret,
511 1148 586 1188 num
616 1127 689 1209 quid
727 1147 766 1189 ex
791 1130 853 1189 illo
892 1128 1003 1191 sruslus
1044 1149 1152 1210 capere
1193 1124 1354 1209 puffemusl

262 1231 265 1235 ⁴
340 1216 483 1293 larquo
518 1212 595 1283 ille,
634 1230 690 1291 pto
725 1208 826 1271 nostra
859 1212 1274 1287 necessttitdine„'alacriter
1294 1232 1353 1272 mo·

340 1315 406 1360 rem
434 1294 511 1362 mihi
537 1291 634 1373 gessit,
655 1288 850 1373 susceptoque
886 1296 1025 1374 negotio,
1063 1314 1181 1359 tantum
1214 1297 1354 1356 volumen

338 1383 494 1459 celeritate
508 1374 637 1455 mirabili
650 1377 791 1457 perlegit,
811 1396 841 1439 et
854 1376 994 1459 fingulari
1006 1376 1161 1459 sagacitate
1180 1376 1285 1439 omnes
1311 1400 1354 1438 vt·

224 1498 227 1509 ·
308 1505 310 1510 -
337 1468 462 1527 rietates
479 1459 690 1541 deprehendit,
711 1461 836 1535 notauit,
854 1460 1009 1542 excerpsit,
1031 1463 1213 1545 marginibus
1227 1462 1355 1541 impressi

336 1548 449 1612 codicis
464 1540 617 1623 adscripfit,
631 1540 739 1603 additis
752 1544 842 1605 eriam
851 1538 974 1619 scholiis,
995 1564 1072 1624 quae
1088 1568 1150 1607 non
1167 1548 1288 1627 ingrata,
1305 1567 1353 1606 ne·

338 1641 401 1713 que
416 1628 536 1691 inutilia
549 1638 607 1694 τοῖς
621 1620 784 1705 <achinaam
800 1624 866 1688 sore
878 1622 972 1706 spero.
1016 1629 1081 1703 Qui
1095 1650 1153 1690 rna
1167 1646 1284 1691 mecum
1295 1648 1353 1690 ram

261 1756 267 1765 ·
299 1703 307 1725 ⁶
336 1717 419 1777 illius
433 1710 605 1784 industriae,
628 1728 717 1788 qoam
731 1708 846 1770 vestrae
863 1708 1082 1773 beneficentiae
1100 1708 1129 1773 se
1149 1713 1261 1774 debere
1282 1712 1354 1774 sate·

201 1822 210 1838 ·
283 1855 286 1858 .
336 1800 460 1861 buntur.
500 1798 570 1855 Erat
583 1794 631 1853 bic
643 1783 758 1873 aliquid
779 1792 940 1873 dicendum
963 1794 1002 1855 de
1020 1795 1157 1857 laudibus
1180 1794 1354 1857 Demosthe

336 1882 400 1956 nis,
420 1876 474 1940 nist
491 1878 517 1939 is
531 1896 562 1939 et
574 1872 638 1955 ipse
650 1876 754 1937 leclori
770 1872 813 1937 sui
827 1873 954 1937 studioso
969 1879 1090 1940 abunde
1115 1876 1145 1940 se
1166 1872 1354 1941 commenda·

317 1981 396 2040 ,rer‚
422 1978 453 2023 et
472 1962 506 2022 in
527 1978 648 2039 promto
663 1956 759 2021 essent
774 1959 931 2021 Ciceronis
946 1978 977 2023 et
987 1962 1114 2023 aliorum
1126 1960 1164 2025 de
1177 1956 1352 2043 illo'elogia‚

334 2066 366 2109 et
383 2064 480 2107 meam
493 2042 647 2107 infantiam
662 2042 717 2102 ciri
734 2042 964 2122 eloquentissimi
979 2062 1010 2105 et
1022 2046 1213 2106 celeberrimi
1234 2048 1350 2108 claritas

334 2129 518 2211 repudiaret.
557 2128 661 2186 Vnum
672 2128 764 2205 igitur
778 2126 835 2187 hoc
854 2121 1000 2206 superest,
1020 2120 1187 2209 amplissimi
1211 2130 1276 2203 viri,
1298 2132 1351 2189 do·

249 2270 255 2281 ,
312 2215 413 2275 'mini
433 2230 464 2273 et
483 2214 603 2293 patroni
623 2208 759 2282 colendi,
786 2229 838 2269 vos
859 2223 892 2271 vt
911 2230 1009 2285 orem,
1038 2232 1069 2275 vt
1089 2210 1272 2293 postremum
1292 2214 1352 2275 hoc

153 2363 157 2371 ,
251 2355 256 2388 ι
333 2299 537 2378 oporinum,
558 2292 639 2373 quod
651 2290 798 2371 epitaphii
812 2294 878 2353 loco
896 2294 969 2354 mihi
987 2291 1045 2357 esse
1061 2299 1139 2372 volo,
1158 2292 1275 2371 (nnmfi
1291 2312 1358 2377 qua*

204 2390 208 2395 “
283 2380 412 2447 &forre
427 2381 483 2440 alia
497 2374 596 2437 secura
608 2374 733 2445 fuerint,
754 2396 790 2437 ea
803 2374 880 2439 nihil
894 2376 998 2437 adhoc
1013 2376 1352 2459 esseuidebuntur)pari

311 2472 315 2483 '
330 2464 519 2526 humanitate
531 2460 667 2538 accipere
680 2458 857 2539 dignemini,
873 2480 932 2538 qua
952 2460 1180 2524 commentarios
1201 2482 1286 2524 meos
1302 2465 1352 2525 Ci-

332 2547 566 2611 ceronianoruni
580 2542 762 2616 libellorum,
781 2563 863 2603 antro
879 2542 988 2604 abhinc
1002 2540 1143 2623 septimo,
1166 2547 1280 2607 restrae
1307 2550 1350 2609 bi·

231 2702 234 2709 ·
328 2630 501 2692 hliothecae
515 2624 675 2707 splendore
692 2646 756 2685 non
771 2624 914 2707 indignos
935 2628 1097 2689 iudicastis:
1126 2646 1237 2708 meque
1261 2630 1350 2693 mini·

232 2711 236 2725 '
329 2714 423 2775 lirum
444 2710 574 2773 vestrum
596 2717 634 2772 et!
647 2709 791 2770 clienteln
805 2704 1092 2771 obseruantilbnrum
1106 2710 1351 2792 (ingrauescente

329 2814 437 2871 aetate,
456 2811 488 2855 et
503 2792 685 2865 valetudine,
705 2788 831 2865 ossolet,
851 2786 976 2853 subinde
990 2791 1172 2871 labascente,
1190 2816 1220 2857 et
1234 2815 1348 2870 rmore

301 2928 305 2945 .
326 2882 360 2942 in
377 2873 524 2952 deterius)
538 2874 781 2935 commendatum
803 2874 918 2937 habete
936 2880 1083 2958 pergatis:
1108 2879 1144 2939 ab
1164 2900 1265 2959 eoque
1287 2882 1351 2943 mci

231 2956 240 2965 ⁶
328 2958 712 3037 defendendiornandique
725 2956 830 3033 studio,
858 2978 915 3021 nec
929 2978 979 3021 aut
992 2960 1166 3028 inuidorum
1180 2966 1357 3041 calumniis,

286 3098 301 3106 .,
328 3045 416 3125 (quas
437 3044 502 3123 quis
522 3060 654 3121 vnquam
676 3059 784 3101 cauere
804 3042 935 3122 pontiti)
949 3043 1006 3105 'aut
1024 3044 1235 3125 imperitorum
1249 3048 1349 3109 homi-

327 3137 403 3191 num
416 3126 541 3205 ineptiis
554 3122 642 3203 (quas
654 3144 671 3183 a
685 3126 832 3205 grauitate
844 3142 874 3185 er
895 3120 1039 3207 sapientia
1059 3128 1153 3190 vestra
1175 3131 1292 3211 negligi
1317 3148 1349 3193 et

326 3210 478 3291 repudiari
492 3224 574 3269 certo
590 3202 662 3280 scio)
679 3206 903 3270 deterreamini.
942 3209 1001 3271 Etsi
1017 3212 1099 3271 enim
1116 3212 1195 3293 apud
1211 3218 1349 3275 nonnul-

286 3344 290 3367 2
324 3298 372 3359 los
394 3288 560 3374 praesentia
581 3290 663 3364 mea,
683 3306 715 3361 et
729 3288 914 3370 simplicitas,
932 3310 1023 3371 atque
1043 3296 1079 3356 ab
1094 3296 1299 3358 ostentatione
1317 3318 1349 3359 er

281 3396 286 3401 ·
325 3393 439 3458 pompa
452 3376 617 3436 abhorrens
631 3370 758 3447 animus,
776 3374 898 3452 vitaque
909 3370 1044 3452 solitaria,
1059 3378 1201 3440 minuunt
1213 3376 1347 3443 samam:

325 3464 429 3527 tomen
451 3478 508 3519 nec
529 3474 649 3540 exterae
669 3457 809 3517 nationes
831 3455 975 3519 Wollium
1002 3460 1157 3541 ignorant,
1179 3482 1210 3525 et
1226 3464 1345 3543 posteri

322 3542 431 3617 scient,
458 3558 490 3602 et
516 3536 634 3600 studiofi
660 3539 803 3613 iuuenes,
824 3536 964 3621 doilique
985 3542 1139 3623 homines,
1161 3546 1293 3609 vestram
1312 3550 1345 3608 in

325 3623 375 3688 sne
387 3624 599 3688 liberalitatem
612 3640 645 3683 ac
659 3619 891 3683 beneficentiam
908 3626 1112 3690 celebrabunt.
1152 3626 1222 3700 Quo
1237 3634 1345 3693 minus

322 3712 424 3773 iurem
438 3728 546 3769 munus
561 3707 619 3766 hoc
633 3724 737 3765 meum
750 3706 787 3766 ab
809 3706 1009 3786 amplitudine
1027 3711 1122 3773 vellra
1144 3715 1345 3795 repudiatum

321 3796 359 3857 iti
380 3808 532 3873 putarem,
558 3808 625 3849 cum
644 3786 740 3848 vestra
761 3788 928 3851 humanitas
947 3790 1032 3868 satit,
1053 3796 1091 3855 D.
1108 3796 1199 3857 Paulo
1222 3818 1342 3873 aurore,

321 3889 404 3940 sarna
419 3876 519 3947 virtus,
538 3890 570 3933 vt
584 3892 650 3933 eam
663 3873 694 3930 in
709 3869 778 3931 Deo
795 3875 866 3951 Opt.
880 3874 960 3935 blax.
974 3892 1041 3937 curn
1063 3879 1167 3959 primis
1187 3882 1344 3957 celebret,

321 3974 387 4022 tum
403 3957 590 4037 collegarum
615 3954 794 4029 vestrorum,
820 3956 918 4019 DDD.
943 3956 1091 4022 Matthaei
1108 3958 1259 4041 *Welseti,
1297 3961 1342 4027 lo‘.

318 4040 466 4125 baptistae
486 4040 652 4115 llainzelii‚
671 4042 713 4100 lo.
728 4037 875 4101 Matthaei
898 4040 1052 4121 sumlui,
1083 4048 1345 4111 ornariffirnorum

1264 4132 1345 4195 viro·
