2917 4742
282 406 366 475 an·
396 394 502 485 sva
549 405 1001 508 oruosrnaruca.
1105 436 1129 513 3
1164 364 1167 372 ⁴

115 580 239 655 schedis
262 588 541 683 expromendae,
572 587 814 675 excutiendae,
851 592 943 663 inter
960 590 1136 665 transscri-x

113 684 548 785 bendumlocupletandae,
579 688 657 759 alias
682 687 906 765 decurtandae
928 710 1030 789 atque
1045 720 1128 770 con·

114 785 321 873 trahendae,
361 790 511 888 denique
531 790 629 859 variis
654 790 763 861 modis
795 794 996 885 digerendae
1021 812 1125 893 atquc

116 887 404 963 transformandas·
417 908 460 962 et·
468 885 697 962 remeando
712 888 835 981 allent,
861 897 1026 970 incideret
1040 898 1125 971 haec

115 1014 231 1085 open,
261 994 372 1063 vuum
387 1018 539 1085 gnauum
554 1006 590 1061 et
605 1008 764 1083 vegetum
779 992 968 1091 postulans,
990 1001 1024 1069 in
1039 1014 1126 1071 tem·

113 1108 259 1187 postam
281 1096 463 1191 iniquum,
493 1109 531 1165 vt
551 1118 613 1191 per
634 1109 743 1165 totam
767 1110 912 1181 actitem
940 1124 1049 1171 meam
1063 1102 1126 1181 ini·

114 1196 207 1287 quius
231 1194 323 1265 aliud
338 1221 527 1292 numquam
543 1196 722 1287 attigerim.
770 1203 847 1269 lam·
856 1200 1051 1296 complures
1068 1227 1125 1276 an·

114 1318 171 1363 nos
189 1296 378 1368 molestaret
393 1295 546 1367 infidiosa
560 1303 659 1381 (narn
676 1300 879 1395 pertineret
894 1300 1026 1379 rebellis
1039 1308 1124 1394 erat)

112 1392 197 1465 tuffis
218 1399 310 1469 vires
335 1415 425 1469 meas
452 1392 672 1471 tabetastaraa
720 1404 792 1470 lam
821 1398 861 1471 ab
890 1405 1031 1473 ineunte
1055 1404 1126 1475 hoc

112 1522 186 1567 vere
199 1498 244 1569 ad
261 1500 328 1569 hoc
341 1498 406 1571 diei
425 1499 545 1585 saeuit,
568 1496 667 1569 fibras
684 1500 888 1595 pulmoneas
904 1502 1127 1596 erodit‚euel·

112 1598 162 1682 lit,
185 1599 346 1684 exscreat,
370 1602 496 1697 radices
510 1604 597 1671 vitae
616 1624 711 1671 meae
724 1604 905 1689 conuellit,
928 1620 965 1675 et
978 1606 1126 1679 dilaniat.
1211 1636 1214 1647 ¹
1268 1618 1271 1629 '

111 1704 181 1781 Qua
197 1704 283 1799 mali
301 1702 526 1774 diuturnitate
550 1714 585 1771 et
603 1701 737 1773 saeuitie
755 1719 823 1775 tam
841 1704 913 1776 sunr
931 1700 1063 1791 statius,
1086 1720 1125 1777 et

114 1806 321 1893 exinanitus,
343 1820 379 1875 et
393 1816 592 1890 eneruatus,
615 1818 654 1872 vt
670 1806 723 1874 air
738 1808 771 1875 in
789 1806 945 1881 cubiculo
964 1808 1016 1877 vel
1033 1803 1125 1879 letto
1201 1822 1203 1829 ’

116 1909 216 1992 (narn
231 1902 279 1976 fic
296 1906 683 2001 loquebantur-veteres,
701 1903 757 1975 sed
774 1908 948 2002 hodierni,
972 1908 1060 1978 hanc
1081 1910 1126 1979 ln·
1214 1998 1217 2005 γ

114 2010 280 2077 unitatem
298 2006 389 2078 haud
403 2010 594 2104 capientes,
625 2008 660 2076 in
675 2029 761 2078 oeco
777 2008 952 2105 vsurpant,
979 2008 1124 2080 literulis

114 2109 306 2180 exercendis
321 2108 537 2199 consecrato)
565 2103 677 2178 tesius
694 2124 731 2177 et
746 2108 898 2181 constans
916 2110 1125 2183 inambulare

113 2208 242 2304 possam.
292 2215 374 2281 Hoc
394 2208 442 2279 ell
466 2208 549 2281 illud
570 2205 811 2305 iniquislimum
837 2228 1000 2309 tempus,
1030 2210 1125 2309 quod
1244 2218 1247 2227 '

113 2312 198 2398 dico,
223 2335 298 2410 quo
313 2304 489 2409 oppressus
504 2312 741 2383 annotationes
760 2313 826 2383 hoc
842 2314 1016 2383 uolumine
1033 2336 1127 2403 com-

113 2414 291 2510 prehensas
305 2409 503 2509 conscripti,
537 2428 574 2482 et
589 2415 764 2501 variantes,
779 2412 907 2487 dudum
933 2428 1010 2484 ante
1023 2402 1127 2485 colle·

114 2511 192 2599 tias,
217 2517 308 2586 auxi
357 2514 544 2589 Habebunt
565 2516 601 2583 in
624 2510 821 2604 aestimanda
846 2541 919 2587 mea
945 2538 1047 2612 opera
1071 2514 1128 2585 de·

114 2616 325 2688 moslhenica
347 2620 444 2713 a'equi
468 2616 583 2686 arbitri
607 2615 747 2703 horum,
763 2618 1066 2689 incommodorum
1091 2626 1129 2685 et

113 2714 683 2790 humanaeinfirmitatisrationem.
716 2728 719 2736 '
983 2722 989 2733 '

179 2828 256 2891 lam
273 2817 406 2889 seorsim
423 2820 506 2889 mihi
523 2818 565 2887 de
579 2814 747 2887 Tourello
771 2814 881 2885 adhuc
906 2816 1061 2888 nonnihil
1078 2812 1127 2887 est
1144 2851 1145 2859 ¹

115 2920 387 3008 admonendum,
400 2936 580 3016 antequam
598 2918 737 2988 ulterius
759 2914 951 3015 procedam,
1001 2922 1129 3011 Magna

113 3028 226 3122 vtique
249 3022 327 3094 sunt
351 3025 541 3117 meritoque
562 3019 727 3091 celebrata
758 3018 914 3089 Tourelli
935 3016 977 3087 de
1000 3023 1131 3089 Demo·

116 3124 225 3198 sthene
250 3127 381 3197 merita
439 3122 528 3209 Sed,
560 3134 598 3191 vt
618 3137 733 3193 orator
755 3118 895 3189 disertus
910 3122 1036 3211 magis,
1068 3120 1130 3217 qui
1160 3120 1163 3133 ’
1231 3210 1233 3215 Ι

118 3245 197 3313 erat,
225 3252 331 3325 quam
344 3240 382 3293 vt
403 3222 532 3295 subtilis
548 3224 703 3306 criticus,
722 3218 987 3293 Demosthenem
999 3216 1128 3293 trauai-

119 3327 147 3398 se
163 3330 248 3401 mihi
262 3325 349 3397 visus
365 3322 430 3410 ast,
461 3340 497 3395 et
515 3328 551 3396 in
574 3322 762 3415 colligenda
786 3325 923 3393 materia
938 3325 1129 3393 annotatio·

116 3454 193 3502 num
210 3426 443 3502 historicarum
455 3429 620 3505 ¹maiorem
636 3418 844 3509 industriam,
868 3424 951 3493 etin
967 3426 1128 3493 extrican-

118 3529 280 3617 disnodis
296 3528 549 3620 chronologicis
574 3542 676 3624 atque
699 3524 923 3617 genealogicis
949 3522 1128 3611 solertiam,

119 3658 214 3730 quam
231 3637 266 3704 in
283 3630 522 3728 perspiciendis
538 3627 709 3699 sententiis
727 3624 893 3711 obscuris,
920 3641 978 3695 aut
993 3625 1127 3699 mendis

119 3734 321 3827 corrigendis
350 3732 558 3824 sagacitatem
579 3744 682 3827 atque
700 3727 898 3799 felicitatem
919 3722 1131 3823 approbaffe.'

118 3838 365 3935 Saepenumero
389 3859 408 3904 a
436 3833 608 3905 sententiis
634 3832 777 3903 oratoris
799 3832 844 3899 ita
860 3828 924 3899 lnte
949 3824 1128 3916 aberrauit,¹

117 3938 297 4035 rtconllet‚
317 3958 409 4018 eum,
434 3958 541 4005 cume
553 3924 895 4011 conieliuravertille,
913 3944 988 4001 tum
1006 3944 1126 4023 graece

119 4036 255 4119 nescisse.
304 4042 424 4111 Horuo
451 4035 606 4141 Tayloro
627 4037 664 4107 in
682 4032 859 4207 ῗᾶυϋιιτε
872 4034 1012 4107 oratoris
1030 4028 1128 4145 hislo-
1151 4141 1155 4147 ¹

464 4180 467 4186 =
729 4155 753 4217 a
1037 4150 1128 4203 neos
