2917 4742
146 306 214 455 sb
255 384 413 459 svvu
441 344 741 463 netto-stes
769 343 1048 484 surtran
1080 410 1173 480 ιω

148 582 218 629 ιιιιι,
231 566 392 629 celetitrtis
415 562 476 629 effe
498 566 629 645 laudem,
648 588 738 649 quam
751 564 911 643 bonitatis)
932 564 982 631 sed
996 565 1034 631 ad
1047 572 1170 651 reniam
1220 594 1226 607 ·

143 648 286 711 duntaxat
307 648 425 713 sacih‘ut
443 652 665 733 impetrandam
687 654 757 715 volo
783 652 949 734 pertinete-
993 652 1058 715 Cur
1081 656 1178 728 enim.

144 752 206 793 non
223 732 326 795 malim
344 730 472 795 solidam
483 736 585 813 potius
598 735 719 797 laudem
734 754 892 817 expetere,
916 755 1000 797 mora
1023 736 1075 799 son
1098 738 1165 803 iore
1250 765 1254 781 ¹

140 814 331 895 interpofita,
355 837 445 896 quam
459 818 629 898 aliquorum
644 817 927 901 reprehensionibus
936 818 1029 881 nimia
1041 818 1073 881 le
1102 820 1131 881 'n
1262 834 1265 843 ’

138 898 223 959 tione
236 896 310 961 dare
324 899 448 961 locunt?
466 900 542 963 Sunt
558 902 650 977 enim,
670 903 723 983 qui
746 898 876 963 summae
898 902 1075 964 temeritatis
1099 921 1117 965 e
1192 928 1209 947 ⁴·

137 978 292 1055 censeant,
312 982 400 1045 breui
421 1000 561 1065 tempore
581 1004 682 1047 conari
704 986 866 1067 quicquam
885 986 917 1045 in
939 984 1157 1063 Demosthene,

137 1064 221 1133 cuius
243 1084 351 1127 omnes
372 1068 525 1129 orationes
550 1064 666 1130 suerint
690 1068 785 1149 longo
814 1084 876 1129 tem
899 1088 952 1131 ote
982 1068 1155 1134 meditatae}

133 1144 414 1226 Suntquiaemtem
422 1090 930 1231 meantexagitentrsunt,quivdim
939 1170 1040 1213 terum
1054 1152 1088 1212 in
1102 1170 1153 1218 ma
1249 1214 1255 1231 Ι

134 1228 317 1293 desiderent.
334 1230 506 1307 Quafiveto
516 1250 566 1297 aut
578 1232 661 1293 idem
675 1232 709 1304 su
725 1250 905 1299 conuertere
933 1230 1014 1315 quod
1028 1228 1154 1297 conscri·
1207 1279 1212 1290 1

132 1308 224 1374 bete:
243 1330 298 1375 aut
317 1313 433 1391 Nestor,
450 1334 613 1397 antequam
626 1318 684 1379 ttia
704 1314 819 1379 vixisset
840 1280 945 1393 secudu,
972 1314 1065 1377 homo
1086 1338 1151 1381 non

131 1392 241 1458 suerit:
261 1413 314 1457 aut
325 1399 542 1478 grammaticus,
557 1400 590 1461 in
604 1402 726 1480 optimis
740 1400 832 1463 utrius
856 1394 1152 1481 uesinguaescripto·

132 1479 210 1541 ribus
224 1478 265 1541 ab
278 1480 408 1542 ineunte
421 1478 550 1544 versatur
565 1498 672 1558 aetate,
692 1502 822 1554 munere
834 1420 885 1545 suo
898 1480 985 1563 sungi
1005 1498 1147 1563 nequeat,

129 1559 179 1624 nisi
197 1560 299 1636 idem,
317 1562 573 1643 quemadmodum
592 1566 768 1637 Alexander
789 1566 935 1647 Magnus,
956 1562 1036 1625 orbis
1056 1580 1147 1627 terra·

128 1664 189 1705 mm
203 1644 370 1725 imperium
385 1645 614 1715 administrarit?
632 1649 786 1711 Ridiculae
796 1644 864 1711 sunt
876 1642 1039 1711 illiusmodi
1056 1648 1147 1709 cauil-

127 1727 265 1802 lationes,
285 1746 317 1789 et
332 1725 394 1809 ipsa
407 1732 622 1793 maleuolentia
635 1732 767 1796 ieiunae.
808 1726 885 1793 Num
909 1728 986 1793 illud
1008 1729 1142 1811 proteus

125 1829 184 1872 uon
209 1810 302 1873 valde
319 1813 430 1888 metui,
451 1833 494 1875 ne
506 1814 572 1894 quis
595 1804 673 1877 hau'c
686 1817 770 1877 velut
783 1814 925 1879 adoream
944 1812 1019 1873 mihi
1031 1814 1143 1895 praeri-

125 1909 217 1973 peret.
261 1896 372 1973 Neque
384 1896 467 1957 enim
479 1896 504 1957 is
519 1896 562 1961 est
575 1896 806 1973 Demosthenes,
826 1898 878 1978 qui
892 1892 923 1959 se
946 1896 995 1958 vel
1015 1896 1077 1975 legi
1100 1894 1139 1970 ab

124 1977 281 2051 omnibus,
294 1977 409 2039 nedum
429 1981 568 2041 conuerti
590 1982 728 2061 patiatur.
766 1984 804 2043 Et
825 1980 878 2061 qui
904 1979 936 2041 td
967 1974 1084 2061 possent
1104 1980 1138 2043 in

122 2058 218 2135 ltalia,
241 2059 550 2138 Gutta-Germania,
568 2080 662 2143 atque
680 2064 747 2125 aliis
769 2062 958 2137 nationibus,
979 2062 1136 2141 inquibus
1231 2128 1236 2139 ,

122 2142 274 2204 literarum
294 2140 390 2207 studia
415 2144 548 2218 florent,
574 2146 745 2229 complures
768 2146 880 2209 eruditi
902 2144 1065 2207 maioribus
1086 2160 1137 2209 aut

120 2220 372 2304 splendidioribus
385 2228 521 2309 occupati
539 2226 638 2305 rebus,
657 2225 859 2293 scholasticum
874 2228 943 2307 hou,
960 2224 1135 2318 usqueadeo

117 2310 342 2387 grammaticum
359 2310 581 2391 interpretandi
603 2330 711 2393 graeca
728 2333 838 2375 munus
860 2312 1027 2393 negligunt.
1072 2308 1134 2373 Sed

120 2390 193 2453 duae
213 2410 268 2454 me
288 2411 336 2453 res
359 2392 557 2455 vehementer
576 2396 755 2457 incitarunt:
772 2416 831 2457 vna
845 2394 896 2467 est,
916 2415 950 2461 ac
964 2392 1133 2473 praecipua,
1176 2420 1179 2430 ⁴
1200 2462 1204 2481 Ι

114 2474 294 2537 valetudinis
308 2473 412 2555 (quam
426 2498 481 2557 per
501 2472 675 2539 seruitutem
687 2498 718 2540 et
731 2480 866 2557 inopiam
875 2474 940 2539 satis
955 2494 1131 2538 curat-enon

116 2556 195 2633 sicet)
213 2574 366 2639 perpetua
378 2557 444 2621 sete
458 2561 658 2635 imbecillitas,
675 2582 754 2643 quae
767 2562 800 2623 in
813 2560 869 2621 boc
887 2580 981 2643 opere
995 2558 1131 2645 sabotam

117 2654 171 2700 tem
189 2661 258 2702 non
272 2638 365 2701 semes
380 2643 412 2701 in
426 2636 667 2723 desperationem
689 2645 769 2707 vitae
790 2642 927 2705 coniecit.
966 2641 1029 2717 sic,
1049 2658 1128 2717 quae

116 2742 157 2783 res
171 2724 250 2786 alios
261 2720 416 2805 segniores
429 2725 467 2787 ad
481 2726 618 2790 laborem
633 2726 741 2801 reddit,
760 2746 797 2787 ea
813 2726 887 2818 tqihi
901 2726 1010 2805 ingens
1033 2722 1128 2785 calcar

114 2805 238 2883 addidit,
259 2809 419 2882 metuenti,
443 2828 484 2869 ne
505 2822 646 2890 coeptum
659 2830 746 2890 opus,
759 2810 790 2869 in
808 2808 908 2871 medio
924 2808 1018 2869 veluti
1032 2800 1126 2885 cursu,

115 2890 270 2951 inmatura
286 2909 385 2951 morte
395 2891 634 2973 abrumperetur.
672 2891 796 2966 Deinde
808 2890 933 2953 verebar
948 2887 1028 2965 (non
1042 2888 1125 2969 igna-

115 2990 156 3032 ms
168 2975 224 3035 lati
241 2974 310 3048 ntes,
339 2992 389 3034 me
407 2994 554 3054 nusquam
568 2972 635 3035 sere
655 2974 768 3036 diutius
788 2973 945 3037 consistere
966 2966 1124 3053 patientis)
1212 2994 1215 3002 ¹

113 3074 146 3113 ue
158 3056 235 3116 mihi
250 3056 309 3116 alio
321 3056 503 3131 abeundum,
524 3075 556 3119 et
569 3074 631 3119 tota
645 3058 726 3121 ratio,
740 3056 907 3119 studiorum
924 3053 970 3133 (id
987 3051 1068 3137 quod
1088 3054 1127 3115 in'

117 3138 422 3220 peregrinationibus,
442 3142 544 3202 multis
564 3140 603 3202 de
623 3138 713 3202 causis
735 3140 873 3205 accidere
892 3136 991 3212 solet)
1004 3151 1120 3217 pertus·
1152 3142 1155 3154 '

112 3218 201 3283 banda
221 3241 257 3296 ac
275 3220 462 3288 immutanda
480 3220 564 3285 esset·
605 3224 689 3285 Haec
702 3224 804 3303 ,igitur
812 3222 1023 3285 incredibilem
1037 3218 1121 3291 ardu·
1239 3270 1242 3281 .

112 3294 290 3385 tenilprimo
311 3322 434 3385 quoque
454 3322 592 3385 tempore
618 3304 822 3369 conuerfionis
848 3302 1048 3368 absoluendae
1084 3303 1119 3365 itt

110 3389 202 3450 animo
225 3406 297 3449 meo
318 3388 495 3452 excitarunt.
532 3390 639 3468 Itaque
660 3408 763 3469 neque
784 3388 901 3463 nosses,
922 3404 1026 3466 neque
1053 3384 1119 3450 dies

110 3471 276 3549 conquieui,
295 3490 329 3531 te
352 3470 459 3531 udiatir
472 3472 606 3533 omnium
622 3472 810 3551 voluptatum
818 3470 978 3545 illecebris,
994 3466 1117 3564 propus3
1204 3516 1208 3523 .

109 3546 166 3613 satis
180 3554 269 3615 ratiis
282 3552 313 3614 di
346 3554 515 3629 cultatibur,
532 3573 694 3634 antequam
708 3554 746 3615 ad
761 3572 896 3635 optatum
913 3552 1117 3630 finemcoeptt
1199 3582 1202 3593 ⁴

108 3637 200 3713 operis
222 3634 434 3717 peruenissent.
473 3632 566 3709 Quod
589 3657 683 3716 quum
700 3659 718 3699 a
733 3636 866 3699 studiosis
889 3654 920 3699 et
940 3632 1115 3713 bibliopolis

107 3717 298 3781 vehementer
318 3718 444 3802 flagitari
464 3717 684 3803 cognouissem,
701 3740 764 3782 non
786 3718 986 3783 disserendum
1003 3716 1115 3781 diutius

107 3799 266 3868 editionem
278 3799 336 3871 effe
352 3798 463 3863 censui.
502 3802 586 3881 Quid
601 3806 684 3864 enim
704 3821 792 3878 cetat,
811 3800 1112 3865 hominibusintetin
1132 3856 1151 3867 M
1212 3864 1219 3877 ,

108 3900 136 3941 et
152 3881 296 3963 prodesse,
314 3904 345 3949 et
362 3882 542 3967 gratificati?
561 3890 636 3947 Nam
652 3884 670 3946 fi
687 3886 747 3947 vita
765 3886 839 3949 milti
850 3884 1040 3967 benignitate
1056 3904 1111 3943 nu·

106 3968 187 4026 minis
203 3970 363 4049 contigerit
377 3970 538 4051 aliquando
554 3970 744 4049 tranquillior
758 3970 879 4051 (dequo
894 3990 956 4031 non
969 3958 1110 4047 despero)

108 4048 329 4128 ccdiututnibr,
344 4072 435 4131 quam
453 4053 593 4135 polliceri
611 4052 688 4195 qu}
705 4073 762 4132 per
777 4050 981 4117 valeusdinem
994 4051 1051 4190 sitq
1061 4068 1109 4117 aur

453 4151 456 4174 ¹
577 4137 607 4199 D
710 4148 726 4211 3
899 4172 902 4181 ι
1055 4150 1109 4191 eu:
