2917 4742
110 308 672 479 toturn'uutrorrtr.
702 326 970 473 trannin.
1023 366 1118 483 μσς

111 548 149 613 scd
163 550 192 611 in
207 544 425 609 conuertendir
438 564 473 609 et
484 545 670 610 declarandir
684 544 808 611 vetustis
822 546 995 623 autoribus,
1012 538 1125 609 seculo-
1167 589 1168 595 κ

113 654 165 694 rum
184 629 323 691 omnium
343 649 375 692 et
396 631 556 692 nationum
573 626 716 692 consensu
731 652 768 711 ap
791 632 911 705 rubetis,
931 628 1044 706 sedulo,
1065 648 1124 691 nec

112 715 160 777 sne
175 708 465 789 succeffumediorri3
480 710 600 793 (quem,
622 714 665 776 vti
699 654 798 789 ared,
818 712 942 777 diuinae
955 714 1131 795 benignita*

112 802 294 877 nacceptum
318 792 433 871 teser&
454 796 617 857 cluboruui.
658 734 697 857 Id
715 796 798 876 quud
820 796 911 859 toties
924 792 1072 875 repetitae
1086 798 1121 857 in

113 880 266 955 Germania,
290 877 395 954 Gallia,
414 880 501 941 Italia
515 878 757 941 lucubrationum
772 898 908 945 metrum
923 879 1072 943 editiones
1081 896 1123 939 re·

113 965 165 1027 stri
179 979 335 1043 poterunt.
374 960 487 1024 Modur
499 958 625 1023 fonaffis
639 980 718 1023 eme
732 960 894 1025 defideruri
907 980 998 1043 queat
1005 1006 1013 1037 ,
1035 978 1066 1023 et
1079 962 1124 1043 ig·
1159 974 1184 1035 ‚¹
1225 1002 1230 1027 -,

113 1050 212 1109 notatio
236 1044 370 1105 tollendi
391 1064 515 1107 manum
537 1044 576 1112 de
591 1046 707 1129 rabula,
727 1060 760 1107 et
774 1040 994 1127 superuacanea
1007 1044 1069 1105 mei
1081 1045 1126 1143 ip·

114 1131 157 1191 lius
180 1128 334 1190 nodumis
356 1126 533 1208 diurnisque
554 1127 708 1193 laboribus
735 1126 884 1191 afflislntiu
919 1126 1121 1210 reprebendi,
1148 1200 1157 1216 κ

113 1232 166 1273 curn
182 1228 214 1272 er
232 1227 317 1273 aetar
337 1227 369 1273 er
384 1210 525 1273 valetudo
544 1230 613 1273 mea
638 1212 773 1293 quietem
788 1213 889 1291 potius
911 1227 1004 1291 atque
1025 1210 1123 1273 otium

118 1294 299 1375 postularent.
337 1294 463 1355 Vtinam
483 1314 557 1356 vero
579 1313 642 1357 non
663 1294 789 1373 quidem
808 1314 844 1355 ea
866 1288 957 1356 essem
978 1290 1078 1355 ferrea
1091 1306 1125 1355 et

117 1379 232 1457 corporis
246 1395 281 1439 er
295 1377 389 1438 artimi
402 1378 556 1460 patientia,
576 1398 655 1457 quae
675 1376 787 1448 Catoni
807 1372 952 1439 Censorio
974 1376 1125 1451 tribuitur,

119 1461 301 1541 ratissimique
316 1461 450 1543 exempli
464 1458 522 1521 est:
542 1456 593 1522 scd
605 1455 658 1523 illa
673 1478 789 1522 tantum
802 1460 852 1522 iel
875 1458 970 1522 animi
990 1456 1127 1521 constan·
1226 1485 1229 1491 v

117 1547 148 1605 tiu
161 1561 189 1605 et
200 1544 374 1618 tolerantia,
395 1544 446 1605 vel
459 1544 564 1625 vigore
577 1544 689 1605 mentis
704 1560 797 1624 utque
809 1542 929 1625 ingenii
941 1542 980 1617 vi,
996 1542 1126 1623 quaple·
1226 1600 1230 1624 ,

117 1629 189 1705 riquc
209 1627 286 1687 olim
307 1642 339 1687 et
358 1624 544 1699 Graecorum
566 1644 598 1688 et
617 1628 820 1689 Romanorum
845 1644 986 1707 proceret
1013 1626 1128 1687 clarue·

120 1728 190 1783 runt;
211 1710 275 1805 qui,
297 1728 374 1788 quae
388 1708 562 1771 bominibus
576 1708 917 1791 studofirarquedottis‚
938 1706 1134 1772 nostraaetn.

118 1811 152 1866 tr,
168 1812 267 1872 grnmu
294 1808 325 1853 et
346 1785 491 1853 laboriosa
512 1792 632 1854 ridetur
650 1794 823 1873 occupatio,
842 1790 905 1855 srue
918 1791 1067 1853 curandae
1082 1790 1131 1853 rei
1224 1802 1233 1853 .“
1250 1784 1282 1835 ⁸⁰

118 1875 266 1950 familiaris,
286 1872 348 1935 fiue
362 1876 499 1937 lediionir
514 1892 605 1956 atque
620 1871 802 1958 scriptionis,
823 1894 890 1937 eum
898 1876 943 1937 illi
957 1876 1129 1937 animorum

119 1960 294 2030 leontionetn
307 1974 400 2038 atque
415 1956 648 2021 obleslatiunem
661 1958 840 2022 iudicarunt.
882 1954 975 2035 Quod
993 1950 1126 2031 ita'effe,
1174 2022 1177 2030 ,
1214 1978 1217 1985 ’
1295 1954 1300 1966 ’

120 2040 336 2123 Xenophontis,
357 2038 547 2122 Thucydidis
554 2031 726 2125 ,Lycurgi
746 2044 792 2103 M.
811 2042 953 2105 Terentii
974 2040 1128 2115 Varronis,
1150 2050 1154 2057 ’

120 2122 222 2185 Clulii
235 2120 382 2199 Caesaris,
401 2121 569 2198 Ciceronis,
588 2124 653 2187 Silii
669 2124 782 2199 ltrlici,
804 2125 902 2187 lloetii
921 2142 1135 2197 monumenta.

121 2225 145 2268 et
156 2208 355 2291 complurium
369 2208 498 2269 aliorum
519 2208 667 2289 exempla,
680 2207 834 2271 testantur.
874 2211 956 2269 Tum
979 2208 1063 2269 enim
1082 2205 1128 2268 illi

120 2286 144 2351 se
155 2307 312 2371 occupator
334 2286 409 2366 esse,
431 2305 463 2353 et
484 2291 615 2372 negotiis
636 2292 806 2372 implicatos
820 2290 975 2371 putabant,
995 2308 1064 2351 curn
1077 2302 1130 2351 aur

121 2375 216 2435 amicos
232 2390 266 2435 et
279 2373 407 2435 clienter
418 2366 485 2435 suos
500 2371 718 2450 defendebant,
736 2390 787 2435 aut
800 2372 1027 2460 constliiratque
1039 2372 1130 2435 armis

121 2456 334 2539 lempublicam
345 2458 518 2519 tuebantur.
558 2458 632 2537 Mea
643 2477 724 2533 vero,
745 2476 809 2518 non
830 2476 868 2519 eo
889 2473 1024 2531 tantum,
1045 2450 1129 2535 quod

122 2539 183 2599 mihi
196 2540 279 2601 cirea
293 2538 416 2619 quidem
432 2540 568 2619 corporis
581 2540 718 2621 exiguae,
736 2558 770 2600 ac
790 2558 886 2621 prope
906 2538 1024 2613 nullae,
1044 2556 1130 2621 inge·

124 2625 195 2684 rium
212 2626 290 2685 vero
311 2639 408 2685 renue
427 2641 521 2702 arque
542 2620 697 2684 infirmum
720 2624 856 2704 contigit,
875 2624 968 2704 longe
983 2622 1040 2685 alia
1054 2622 1129 2681 ratio
1165 2681 1172 2693 ,

124 2706 171 2766 cll:
187 2700 238 2767 sed
253 2704 296 2767 ob
313 2706 390 2766 illud
401 2707 500 2780 etiam,
524 2706 605 2787 quod
619 2708 687 2781 illic,
707 2704 804 2795 pprrio
818 2700 957 2767 sermone
975 2701 1128 2766 scribenti·

124 2789 177 2865 bur,
193 2791 226 2851 in
261 2788 371 2849 rocliui
382 2789 629 2869 atqueexpedita
639 2784 887 2863 sueruntomnia,
902 2806 1044 2862 cumnos,
1059 2806 1130 2867 per·

125 2874 221 2953 egrinis
239 2811 375 2949 singnis,
390 2890 409 2933 e
425 2874 515 2933 mutis
531 2872 794 2952 praeceptoribus,
815 2866 1044 2951 cognoscendis,
1063 2888 1128 2931 non

126 2974 234 3033 paruam
247 2955 355 3017 aetatis
368 2971 484 3035 partem
499 2952 676 3017 consumere
689 2950 987 3038 nepess'ehabeamus.
1024 2956 1133 3033 Itaque

126 3056 177 3098 non
190 3037 348 3101 recreandi
360 3040 455 3099 animi
469 3056 559 3119 ergo,
578 3036 741 3100 leuandive
761 3037 853 3099 taedii
866 3032 957 3112 causa,
975 3054 1026 3097 me
1046 3033 1097 3097 scri
1121 3068 1171 3087 ..,

127 3121 217 3197 ritate,
238 3117 293 3182 sed
307 3123 379 3198 quia
391 3119 491 3183 facere
503 3122 601 3195 aliter,
621 3116 727 3199 salua(
749 3120 993 3201 uantulacunque
1006 3120 1059 3183 illa
1072 3056 1133 3195 ess)

128 3203 337 3267 existimatione
349 3222 428 3280 mea,
442 3224 581 3283 nequeo,
601 3220 633 3265 et
644 3140 754 3285 quas}
977 3198 986 3215 ⁸

131 3305 165 3347 ue
184 3288 350 3349 Herculeas
367 3286 465 3349 rideri
484 3286 575 3361 milti,
600 3283 714 3367 speque
735 3304 803 3349 mea
823 3288 987 3367 plurimum
1012 3306 1061 3347 me
1082 3282 1134 3347 de·

131 3386 240 3450 ceptum
252 3367 321 3453 effe,
337 3371 473 3451 ingenue
486 3367 644 3433 confiteor.
666 3372 744 3436 Nam
758 3382 827 3431 cum
841 3372 927 3431 annis
941 3368 1051 3431 abhinc
1065 3388 1134 3447 qua·
1150 3412 1153 3419 -

132 3468 189 3514 tuor
207 3470 239 3516 et
258 3455 384 3535 viginti,
403 3450 467 3515 non
489 3471 551 3516 tarn
571 3472 640 3514 mea
652 3455 807 3525 voluntat,
834 3448 1136 3533 quaminexspestata

131 3537 265 3614 quaedam
279 3537 438 3612 calamitas,
455 3552 487 3598 er
499 3556 600 3615 return
616 3536 778 3599 meliorum
792 3531 871 3615 spes,
889 3536 922 3597 in
944 3534 1138 3614 typographi·

730 3200 868 3268 rustineo
887 3222 1060 3275 aerumnae,
1078 3219 1131 3283 pe·
1185 3278 1189 3284 ι
1253 3276 1257 3284 J

134 3638 189 3681 cunt
208 3618 366 3699 pistrinum
387 3616 438 3681 ine
458 3616 644 3695 conieclffer,
661 3620 748 3700 parui
766 3619 910 3699 temporis
922 3618 1059 3680 molestia
1071 3634 1141 3697 per·¹
1244 3625 1246 3629 ’

133 3722 242 3781 pemani
255 3702 360 3764 sludiis
371 3704 447 3765 meir
459 3701 562 3766 secute
575 3702 752 3784 perfruendi
765 3698 938 3763 fucultatem
952 3722 1002 3763 me
1021 3700 1139 3765 redent·
1170 3739 1172 3747 r

136 3800 221 3847 turum
255 3788 413 3867 opinabor.
468 3790 585 3850 Verum
613 3804 727 3867 quanto
755 3786 841 3845 aliter
863 3786 1018 3849 euenerit:
1044 3802 1140 3847 nemo
1239 3786 1246 3797 “

137 3868 249 3947 ignorat,
268 3872 322 3949 qui
334 3887 386 3930 aut
402 3868 618 3932 bibliothecam
630 3861 759 3935 vestram
773 3864 907 3949 inspicit,
926 3890 985 3949 qua
999 3888 1081 3931 meas
1095 3870 1142 3929 lit·

138 3952 312 4017 rubrationer
333 3952 447 4033 dignati
472 3954 555 4029 estis,
575 3970 627 4014 aut
647 3952 824 4032 bibliopolia
840 3944 992 4016 scrutatur.
1031 3954 1143 4033 Neque

138 4050 197 4096 vero
204 4038 276 4101 baec
282 4034 436 4122 gloriandi
443 4032 635 4113 causascribo,
644 4032 722 4115 (quo
730 4030 983 4117 quidineptiuss)
1001 4036 1145 4115 antigno-

1025 4116 1147 4180 ratione
1191 4144 1194 4153 ·
1215 4154 1220 4159 ·
1282 4110 1286 4119 ’
