<?xml version="1.0" encoding="UTF-8"?>
<!DOCTYPE html PUBLIC "-//W3C//DTD XHTML 1.0 Transitional//EN"
    "http://www.w3.org/TR/xhtml1/DTD/xhtml1-transitional.dtd">
<html xmlns="http://www.w3.org/1999/xhtml" xml:lang="en" lang="en">
 <head>
  <title>
</title>
<meta http-equiv="Content-Type" content="text/html;charset=utf-8" />
  <meta name='ocr-system' content='tesseract 3.04.00' />
  <meta name='ocr-capabilities' content='ocr_page ocr_carea ocr_par ocr_line ocrx_word'/>
</head>
<body>
  <div class='ocr_page' id='page_1' title='image "./oratorumgrcorum01reisgoog_0324.png"; bbox 0 0 2917 4742; ppageno 0'>
   <div class='ocr_carea' id='block_1_1' title="bbox 115 316 1247 478">
    <p class='ocr_par' dir='ltr' id='par_1_1' title="bbox 115 316 1247 478">
     <span class='ocr_line' id='line_1_1' title="bbox 115 316 1247 478; baseline 0.003 -32"><span class='ocrx_word' id='word_1_1' title='bbox 115 376 171 447; x_wconf 77' lang='lat' dir='ltr'><strong>ro</strong></span> <span class='ocrx_word' id='word_1_2' title='bbox 197 345 346 448; x_wconf 79' lang='lat' dir='ltr'><strong>svvn</strong></span> <span class='ocrx_word' id='word_1_3' title='bbox 376 374 663 454; x_wconf 72' lang='lat' dir='ltr'><strong>nanos&#39;rrr.</strong></span> <span class='ocrx_word' id='word_1_4' title='bbox 691 347 960 451; x_wconf 75' lang='lat' dir='ltr'><strong>enas-sar.</strong></span> <span class='ocrx_word' id='word_1_5' title='bbox 1013 359 1108 478; x_wconf 70' lang='lat' dir='ltr'><strong>ito,</strong></span> <span class='ocrx_word' id='word_1_6' title='bbox 1202 316 1247 426; x_wconf 77' lang='lat'><strong>.&#39;&#39;</strong></span> 
     </span>
    </p>
   </div>
   <div class='ocr_carea' id='block_1_2' title="bbox 115 539 1195 642">
    <p class='ocr_par' dir='ltr' id='par_1_2' title="bbox 115 539 1195 642">
     <span class='ocr_line' id='line_1_2' title="bbox 115 539 1195 642; baseline 0.006 -22"><span class='ocrx_word' id='word_1_7' title='bbox 115 556 140 620; x_wconf 88' lang='lat' dir='ltr'><strong>lli</strong></span> <span class='ocrx_word' id='word_1_8' title='bbox 153 557 217 620; x_wconf 81' lang='lat' dir='ltr'><strong>milri</strong></span> <span class='ocrx_word' id='word_1_9' title='bbox 230 551 367 622; x_wconf 79' lang='lat' dir='ltr'><strong>suerunt&#39;:</strong></span> <span class='ocrx_word' id='word_1_10' title='bbox 388 574 500 634; x_wconf 88' lang='lat' dir='ltr'><strong>tamen,</strong></span> <span class='ocrx_word' id='word_1_11' title='bbox 520 555 624 620; x_wconf 89' lang='lat' dir='ltr'><strong>licum</strong></span> <span class='ocrx_word' id='word_1_12' title='bbox 646 539 684 620; x_wconf 86' lang='lat' dir='ltr'><strong>iis</strong></span> <span class='ocrx_word' id='word_1_13' title='bbox 705 577 933 642; x_wconf 77' lang='lat' dir='ltr'><strong>comparentur,</strong></span> <span class='ocrx_word' id='word_1_14' title='bbox 954 563 1006 642; x_wconf 89' lang='lat' dir='ltr'><strong>qui</strong></span> <span class='ocrx_word' id='word_1_15' title='bbox 1026 563 1110 627; x_wconf 75' lang='lat' dir='ltr'><strong>bena</strong></span> <span class='ocrx_word' id='word_1_16' title='bbox 1189 553 1195 568; x_wconf 90' lang='grc'>’</span> 
     </span>
    </p>
   </div>
   <div class='ocr_carea' id='block_1_3' title="bbox 106 639 1112 1892">
    <p class='ocr_par' dir='ltr' id='par_1_3' title="bbox 106 639 1112 1892">
     <span class='ocr_line' id='line_1_3' title="bbox 115 639 1112 726; baseline 0.006 -23"><span class='ocrx_word' id='word_1_17' title='bbox 115 643 144 703; x_wconf 82' lang='lat' dir='ltr'><strong>de</strong></span> <span class='ocrx_word' id='word_1_18' title='bbox 160 663 202 726; x_wconf 71' lang='lat' dir='ltr'><strong>me</strong></span> <span class='ocrx_word' id='word_1_19' title='bbox 217 639 354 716; x_wconf 90' lang='lat' dir='ltr'><strong>sentiunt,</strong></span> <span class='ocrx_word' id='word_1_20' title='bbox 374 661 486 720; x_wconf 89' lang='lat' dir='ltr'><strong>tneque</strong></span> <span class='ocrx_word' id='word_1_21' title='bbox 503 659 533 703; x_wconf 90' lang='lat' dir='ltr'><strong>et</strong></span> <span class='ocrx_word' id='word_1_22' title='bbox 554 661 621 702; x_wconf 88' lang='lat' dir='ltr'><strong>mea</strong></span> <span class='ocrx_word' id='word_1_23' title='bbox 642 643 860 724; x_wconf 81' lang='lat' dir='ltr'><strong>magnilaciunt</strong></span> <span class='ocrx_word' id='word_1_24' title='bbox 880 665 911 707; x_wconf 88' lang='lat' dir='ltr'><strong>et</strong></span> <span class='ocrx_word' id='word_1_25' title='bbox 935 665 1050 722; x_wconf 87' lang='lat' dir='ltr'><strong>amant,</strong></span> <span class='ocrx_word' id='word_1_26' title='bbox 1069 646 1112 709; x_wconf 86' lang='lat' dir='ltr'><strong>sa·</strong></span> 
     </span>
     <span class='ocr_line' id='line_1_4' title="bbox 116 721 1112 810; baseline 0.008 -26"><span class='ocrx_word' id='word_1_27' title='bbox 116 728 169 800; x_wconf 81' lang='lat' dir='ltr'><strong>cilo,</strong></span> <span class='ocrx_word' id='word_1_28' title='bbox 187 744 215 785; x_wconf 81' lang='lat' dir='ltr'><strong>rt</strong></span> <span class='ocrx_word' id='word_1_29' title='bbox 228 727 343 806; x_wconf 85' lang='lat' dir='ltr'><strong>opinor,</strong></span> <span class='ocrx_word' id='word_1_30' title='bbox 364 725 529 810; x_wconf 72' lang='lat' dir='ltr'>apparebit,</span> <span class='ocrx_word' id='word_1_31' title='bbox 548 741 579 786; x_wconf 91' lang='lat' dir='ltr'><strong>et</strong></span> <span class='ocrx_word' id='word_1_32' title='bbox 594 725 740 786; x_wconf 88' lang='lat' dir='ltr'><strong>maiorem</strong></span> <span class='ocrx_word' id='word_1_33' title='bbox 762 743 794 789; x_wconf 92' lang='lat' dir='ltr'><strong>et</strong></span> <span class='ocrx_word' id='word_1_34' title='bbox 815 721 973 789; x_wconf 87' lang='lat' dir='ltr'><strong>lneliorem</strong></span> <span class='ocrx_word' id='word_1_35' title='bbox 994 748 1112 810; x_wconf 90' lang='lat' dir='ltr'><strong>partem</strong></span> 
     </span>
     <span class='ocr_line' id='line_1_5' title="bbox 115 808 1109 892; baseline 0.007 -24"><span class='ocrx_word' id='word_1_36' title='bbox 115 808 174 870; x_wconf 85' lang='lat' dir='ltr'><strong>llare</strong></span> <span class='ocrx_word' id='word_1_37' title='bbox 195 809 324 872; x_wconf 88' lang='lat' dir='ltr'><strong>anobis:</strong></span> <span class='ocrx_word' id='word_1_38' title='bbox 349 827 445 888; x_wconf 87' lang='lat' dir='ltr'><strong>eaque</strong></span> <span class='ocrx_word' id='word_1_39' title='bbox 465 808 546 869; x_wconf 86' lang='lat' dir='ltr'><strong>inter</strong></span> <span class='ocrx_word' id='word_1_40' title='bbox 570 808 625 869; x_wconf 90' lang='lat' dir='ltr'><strong>hos</strong></span> <span class='ocrx_word' id='word_1_41' title='bbox 648 825 678 870; x_wconf 91' lang='lat' dir='ltr'><strong>et</strong></span> <span class='ocrx_word' id='word_1_42' title='bbox 699 809 768 870; x_wconf 90' lang='lat' dir='ltr'><strong>illos</strong></span> <span class='ocrx_word' id='word_1_43' title='bbox 795 809 914 873; x_wconf 77' lang='lat' dir='ltr'><strong>exsistet</strong></span> <span class='ocrx_word' id='word_1_44' title='bbox 944 817 1109 892; x_wconf 79' lang='lat' dir='ltr'><strong>proportio,</strong></span> 
     </span>
     <span class='ocr_line' id='line_1_6' title="bbox 114 893 1111 974; baseline 0.008 -24"><span class='ocrx_word' id='word_1_45' title='bbox 114 909 185 970; x_wconf 83' lang='lat' dir='ltr'><strong>quam</strong></span> <span class='ocrx_word' id='word_1_46' title='bbox 198 893 273 974; x_wconf 85' lang='lat' dir='ltr'><strong>apud</strong></span> <span class='ocrx_word' id='word_1_47' title='bbox 290 893 457 954; x_wconf 78' lang='lat' dir='ltr'><strong>Homerum</strong></span> <span class='ocrx_word' id='word_1_48' title='bbox 471 893 682 970; x_wconf 76' lang='lat' dir='ltr'><strong>Agamemnon</strong></span> <span class='ocrx_word' id='word_1_49' title='bbox 703 895 906 954; x_wconf 82' lang='lat' dir='ltr'><strong>Troianorum</strong></span> <span class='ocrx_word' id='word_1_50' title='bbox 930 912 961 955; x_wconf 91' lang='lat' dir='ltr'><strong>et</strong></span> <span class='ocrx_word' id='word_1_51' title='bbox 982 899 1111 958; x_wconf 87' lang='lat' dir='ltr'><strong>Graeco·</strong></span> 
     </span>
     <span class='ocr_line' id='line_1_7' title="bbox 112 971 1109 1050; baseline 0.009 -17"><span class='ocrx_word' id='word_1_52' title='bbox 112 995 163 1033; x_wconf 89' lang='lat' dir='ltr'><strong>mm</strong></span> <span class='ocrx_word' id='word_1_53' title='bbox 177 973 231 1036; x_wconf 83' lang='lat' dir='ltr'><strong>else</strong></span> <span class='ocrx_word' id='word_1_54' title='bbox 246 971 391 1036; x_wconf 87' lang='lat' dir='ltr'><strong>affirmat:</strong></span> <span class='ocrx_word' id='word_1_55' title='bbox 410 991 450 1050; x_wconf 83' lang='lat' dir='ltr'><strong>vt,</strong></span> <span class='ocrx_word' id='word_1_56' title='bbox 469 973 490 1035; x_wconf 89' lang='lat' dir='ltr'><strong>sr</strong></span> <span class='ocrx_word' id='word_1_57' title='bbox 506 975 612 1035; x_wconf 82' lang='lat' dir='ltr'><strong>Graeci</strong></span> <span class='ocrx_word' id='word_1_58' title='bbox 627 975 658 1035; x_wconf 92' lang='lat' dir='ltr'><strong>in</strong></span> <span class='ocrx_word' id='word_1_59' title='bbox 673 973 809 1050; x_wconf 82' lang='lat' dir='ltr'><strong>decurias</strong></span> <span class='ocrx_word' id='word_1_60' title='bbox 832 977 1043 1039; x_wconf 85' lang='lat' dir='ltr'><strong>conuiuiorum</strong></span> <span class='ocrx_word' id='word_1_61' title='bbox 1058 981 1109 1042; x_wconf 90' lang='lat' dir='ltr'><strong>de·</strong></span> 
     </span>
     <span class='ocr_line' id='line_1_8' title="bbox 111 1053 1111 1142; baseline 0.006 -26"><span class='ocrx_word' id='word_1_62' title='bbox 111 1053 260 1133; x_wconf 75' lang='lat' dir='ltr'><strong>scribantur,</strong></span> <span class='ocrx_word' id='word_1_63' title='bbox 280 1075 312 1120; x_wconf 83' lang='lat' dir='ltr'><strong>et</strong></span> <span class='ocrx_word' id='word_1_64' title='bbox 326 1057 448 1137; x_wconf 81' lang='lat' dir='ltr'><strong>singulis</strong></span> <span class='ocrx_word' id='word_1_65' title='bbox 462 1058 590 1119; x_wconf 82' lang='lat' dir='ltr'><strong>decuriis</strong></span> <span class='ocrx_word' id='word_1_66' title='bbox 610 1057 717 1138; x_wconf 81' lang='lat' dir='ltr'><strong>singuli</strong></span> <span class='ocrx_word' id='word_1_67' title='bbox 740 1058 866 1120; x_wconf 79' lang='lat' dir='ltr'><strong>Troiani</strong></span> <span class='ocrx_word' id='word_1_68' title='bbox 883 1059 1010 1120; x_wconf 78' lang='lat' dir='ltr'><strong>ministra</strong></span> <span class='ocrx_word' id='word_1_69' title='bbox 1029 1063 1111 1142; x_wconf 62' lang='lat' dir='ltr'><strong>alliga</strong></span> 
     </span>
     <span class='ocr_line' id='line_1_9' title="bbox 110 1139 1111 1222; baseline 0.006 -22"><span class='ocrx_word' id='word_1_70' title='bbox 110 1160 211 1216; x_wconf 88' lang='lat' dir='ltr'><strong>nentur,</strong></span> <span class='ocrx_word' id='word_1_71' title='bbox 231 1143 400 1222; x_wconf 87' lang='lat' dir='ltr'><strong>complures</strong></span> <span class='ocrx_word' id='word_1_72' title='bbox 416 1139 556 1202; x_wconf 83' lang='lat' dir='ltr'><strong>decuriae</strong></span> <span class='ocrx_word' id='word_1_73' title='bbox 571 1141 833 1220; x_wconf 87' lang='lat' dir='ltr'><strong>pt·optet.illorum</strong></span> <span class='ocrx_word' id='word_1_74' title='bbox 848 1143 1037 1220; x_wconf 76' lang='lat' dir='ltr'><strong>paucitatem,</strong></span> <span class='ocrx_word' id='word_1_75' title='bbox 1057 1146 1111 1206; x_wconf 90' lang='lat' dir='ltr'><strong>bo·</strong></span> 
     </span>
     <span class='ocr_line' id='line_1_10' title="bbox 110 1221 1110 1304; baseline 0.008 -23"><span class='ocrx_word' id='word_1_76' title='bbox 110 1245 161 1282; x_wconf 91' lang='lat' dir='ltr'><strong>rum</strong></span> <span class='ocrx_word' id='word_1_77' title='bbox 187 1223 427 1298; x_wconf 85' lang='lat' dir='ltr'><strong>multitudinem,</strong></span> <span class='ocrx_word' id='word_1_78' title='bbox 453 1221 510 1286; x_wconf 82' lang='lat' dir='ltr'><strong>sint</strong></span> <span class='ocrx_word' id='word_1_79' title='bbox 533 1224 678 1304; x_wconf 88' lang='lat' dir='ltr'><strong>pincerna</strong></span> <span class='ocrx_word' id='word_1_80' title='bbox 707 1225 862 1285; x_wconf 84' lang='lat' dir='ltr'><strong>cariturae.</strong></span> <span class='ocrx_word' id='word_1_81' title='bbox 898 1225 1033 1302; x_wconf 70' lang='lat' dir='ltr'><strong>‘Neque</strong></span> <span class='ocrx_word' id='word_1_82' title='bbox 1054 1229 1110 1292; x_wconf 81' lang='lat' dir='ltr'><strong>rili</strong></span> 
     </span>
     <span class='ocr_line' id='line_1_11' title="bbox 111 1302 1111 1388; baseline 0.006 -23"><span class='ocrx_word' id='word_1_83' title='bbox 111 1325 205 1382; x_wconf 83' lang='lat' dir='ltr'><strong>eorum,</strong></span> <span class='ocrx_word' id='word_1_84' title='bbox 226 1309 277 1388; x_wconf 90' lang='lat' dir='ltr'><strong>qui</strong></span> <span class='ocrx_word' id='word_1_85' title='bbox 291 1328 340 1368; x_wconf 90' lang='lat' dir='ltr'><strong>me</strong></span> <span class='ocrx_word' id='word_1_86' title='bbox 354 1305 587 1378; x_wconf 81' lang='lat' dir='ltr'><strong>reprehendunt</strong></span> <span class='ocrx_word' id='word_1_87' title='bbox 602 1325 632 1367; x_wconf 86' lang='lat' dir='ltr'><strong>et</strong></span> <span class='ocrx_word' id='word_1_88' title='bbox 646 1302 897 1385; x_wconf 83' lang='lat' dir='ltr'><strong>err&#39;agitant,·non</strong></span> <span class='ocrx_word' id='word_1_89' title='bbox 918 1310 1009 1368; x_wconf 90' lang='lat' dir='ltr'><strong>modo</strong></span> <span class='ocrx_word' id='word_1_90' title='bbox 1032 1309 1111 1372; x_wconf 91' lang='lat' dir='ltr'><strong>nibil</strong></span> 
     </span>
     <span class='ocr_line' id='line_1_12' title="bbox 109 1385 1107 1470; baseline 0.007 -23"><span class='ocrx_word' id='word_1_91' title='bbox 109 1391 255 1468; x_wconf 79' lang='lat' dir='ltr'><strong>elegantius</strong></span> <span class='ocrx_word' id='word_1_92' title='bbox 279 1409 309 1451; x_wconf 88' lang='lat' dir='ltr'><strong>er</strong></span> <span class='ocrx_word' id='word_1_93' title='bbox 339 1385 537 1469; x_wconf 85' lang='lat' dir='ltr'><strong>splendidius,</strong></span> <span class='ocrx_word' id='word_1_94' title='bbox 563 1385 613 1450; x_wconf 84' lang='lat' dir='ltr'><strong>sed</strong></span> <span class='ocrx_word' id='word_1_95' title='bbox 628 1389 674 1467; x_wconf 89' lang='lat' dir='ltr'><strong>(in</strong></span> <span class='ocrx_word' id='word_1_96' title='bbox 689 1389 798 1450; x_wconf 90' lang='lat' dir='ltr'><strong>eodem</strong></span> <span class='ocrx_word' id='word_1_97' title='bbox 813 1389 943 1470; x_wconf 88' lang='lat' dir='ltr'><strong>quidem</strong></span> <span class='ocrx_word' id='word_1_98' title='bbox 958 1387 1107 1454; x_wconf 84' lang='lat' dir='ltr'><strong>scribendi</strong></span> 
     </span>
     <span class='ocr_line' id='line_1_13' title="bbox 108 1469 1108 1556; baseline 0.007 -27"><span class='ocrx_word' id='word_1_99' title='bbox 108 1479 216 1552; x_wconf 76' lang='lat' dir='ltr'><strong>genere)</strong></span> <span class='ocrx_word' id='word_1_100' title='bbox 232 1473 308 1535; x_wconf 90' lang='lat' dir='ltr'><strong>nibil</strong></span> <span class='ocrx_word' id='word_1_101' title='bbox 323 1469 440 1554; x_wconf 89' lang='lat' dir='ltr'><strong>prorsus</strong></span> <span class='ocrx_word' id='word_1_102' title='bbox 455 1474 533 1536; x_wconf 89' lang='lat' dir='ltr'><strong>intra</strong></span> <span class='ocrx_word' id='word_1_103' title='bbox 547 1473 683 1552; x_wconf 89' lang='lat' dir='ltr'><strong>quinque</strong></span> <span class='ocrx_word' id='word_1_104' title='bbox 697 1490 774 1534; x_wconf 86' lang='lat' dir='ltr'><strong>totas</strong></span> <span class='ocrx_word' id='word_1_105' title='bbox 786 1474 980 1556; x_wconf 82' lang='lat' dir='ltr'><strong>olympradas,</strong></span> <span class='ocrx_word' id='word_1_106' title='bbox 998 1471 1108 1554; x_wconf 79' lang='lat' dir='ltr'><strong>longis·</strong></span> 
     </span>
     <span class='ocr_line' id='line_1_14' title="bbox 108 1551 1105 1637; baseline 0.007 -23"><span class='ocrx_word' id='word_1_107' title='bbox 108 1553 201 1632; x_wconf 85' lang='lat' dir='ltr'><strong>snum,</strong></span> <span class='ocrx_word' id='word_1_108' title='bbox 218 1558 251 1619; x_wconf 94' lang='lat' dir='ltr'><strong>in</strong></span> <span class='ocrx_word' id='word_1_109' title='bbox 268 1555 508 1623; x_wconf 84' lang='lat' dir='ltr'><strong>vitaehumanae</strong></span> <span class='ocrx_word' id='word_1_110' title='bbox 524 1557 681 1630; x_wconf 86' lang='lat' dir='ltr'><strong>breuitate,</strong></span> <span class='ocrx_word' id='word_1_111' title='bbox 699 1551 837 1637; x_wconf 79' lang='lat' dir='ltr'><strong>spacium,</strong></span> <span class='ocrx_word' id='word_1_112' title='bbox 857 1555 1028 1618; x_wconf 86' lang='lat' dir='ltr'><strong>ediderunt.</strong></span> <span class='ocrx_word' id='word_1_113' title='bbox 1063 1559 1105 1622; x_wconf 90' lang='lat' dir='ltr'><strong>Vt</strong></span> 
     </span>
     <span class='ocr_line' id='line_1_15' title="bbox 106 1635 1107 1721; baseline 0.007 -25"><span class='ocrx_word' id='word_1_114' title='bbox 106 1640 179 1716; x_wconf 83' lang='lat' dir='ltr'><strong>igitur</strong></span> <span class='ocrx_word' id='word_1_115' title='bbox 193 1641 237 1701; x_wconf 91' lang='lat' dir='ltr'><strong>illi</strong></span> <span class='ocrx_word' id='word_1_116' title='bbox 252 1640 352 1704; x_wconf 84' lang='lat' dir='ltr'><strong>verbis</strong></span> <span class='ocrx_word' id='word_1_117' title='bbox 367 1635 564 1720; x_wconf 83' lang='lat' dir='ltr'><strong>asperioribus</strong></span> <span class='ocrx_word' id='word_1_118' title='bbox 586 1657 636 1699; x_wconf 90' lang='lat' dir='ltr'><strong>me</strong></span> <span class='ocrx_word' id='word_1_119' title='bbox 651 1635 786 1700; x_wconf 86' lang='lat' dir='ltr'><strong>accusant</strong></span> <span class='ocrx_word' id='word_1_120' title='bbox 807 1641 1043 1721; x_wconf 79' lang='lat' dir='ltr'><strong>etvitupetant,</strong></span> <span class='ocrx_word' id='word_1_121' title='bbox 1064 1641 1107 1703; x_wconf 87' lang='lat' dir='ltr'><strong>ita</strong></span> 
     </span>
     <span class='ocr_line' id='line_1_16' title="bbox 106 1717 1105 1814; baseline 0.006 -34"><span class='ocrx_word' id='word_1_122' title='bbox 106 1717 171 1782; x_wconf 85' lang='lat' dir='ltr'><strong>sadis</strong></span> <span class='ocrx_word' id='word_1_123' title='bbox 192 1721 250 1786; x_wconf 85' lang='lat' dir='ltr'><strong>fide</strong></span> <span class='ocrx_word' id='word_1_124' title='bbox 273 1723 460 1804; x_wconf 85' lang='lat' dir='ltr'><strong>dignioribus</strong></span> <span class='ocrx_word' id='word_1_125' title='bbox 482 1739 514 1782; x_wconf 89' lang='lat' dir='ltr'><strong>et</strong></span> <span class='ocrx_word' id='word_1_126' title='bbox 534 1718 691 1784; x_wconf 84' lang='lat' dir='ltr'><strong>absoluunt</strong></span> <span class='ocrx_word' id='word_1_127' title='bbox 708 1741 741 1783; x_wconf 90' lang='lat' dir='ltr'><strong>et</strong></span> <span class='ocrx_word' id='word_1_128' title='bbox 759 1722 897 1797; x_wconf 88' lang='lat' dir='ltr'><strong>laudant,</strong></span> <span class='ocrx_word' id='word_1_129' title='bbox 930 1741 962 1785; x_wconf 83' lang='lat' dir='ltr'><strong>et</strong></span> <span class='ocrx_word' id='word_1_130' title='bbox 982 1723 1105 1814; x_wconf 64' lang='lat' dir='ltr'><strong>publice</strong></span> 
     </span>
     <span class='ocr_line' id='line_1_17' title="bbox 106 1801 1099 1892; baseline 0.004 -28"><span class='ocrx_word' id='word_1_131' title='bbox 106 1805 376 1892; x_wconf 84' lang='lat' dir='ltr'><strong>qualiproclamant,</strong></span> <span class='ocrx_word' id='word_1_132' title='bbox 396 1801 451 1866; x_wconf 91' lang='lat' dir='ltr'><strong>suis</strong></span> <span class='ocrx_word' id='word_1_133' title='bbox 470 1805 627 1865; x_wconf 85' lang='lat' dir='ltr'><strong>calumniis</strong></span> <span class='ocrx_word' id='word_1_134' title='bbox 643 1825 705 1866; x_wconf 91' lang='lat' dir='ltr'><strong>non</strong></span> <span class='ocrx_word' id='word_1_135' title='bbox 729 1802 899 1866; x_wconf 80' lang='lat' dir='ltr'><strong>habendam</strong></span> <span class='ocrx_word' id='word_1_136' title='bbox 919 1803 979 1868; x_wconf 82' lang='lat' dir='ltr'><strong>else</strong></span> <span class='ocrx_word' id='word_1_137' title='bbox 999 1805 1099 1884; x_wconf 83' lang='lat' dir='ltr'><strong>sidem,</strong></span> 
     </span>
    </p>
   </div>
   <div class='ocr_carea' id='block_1_4' title="bbox 105 1885 1211 1970">
    <p class='ocr_par' dir='ltr' id='par_1_4' title="bbox 105 1885 1211 1970">
     <span class='ocr_line' id='line_1_18' title="bbox 105 1885 1211 1970; baseline 0.005 -25"><span class='ocrx_word' id='word_1_138' title='bbox 105 1906 187 1968; x_wconf 85' lang='lat' dir='ltr'><strong>nequa</strong></span> <span class='ocrx_word' id='word_1_139' title='bbox 209 1887 474 1951; x_wconf 85' lang='lat' dir='ltr'><strong>condemnandum</strong></span> <span class='ocrx_word' id='word_1_140' title='bbox 495 1906 546 1949; x_wconf 86' lang='lat' dir='ltr'><strong>aut</strong></span> <span class='ocrx_word' id='word_1_141' title='bbox 567 1887 822 1950; x_wconf 82' lang='lat' dir='ltr'><strong>contemnendum</strong></span> <span class='ocrx_word' id='word_1_142' title='bbox 844 1885 903 1951; x_wconf 84' lang='lat' dir='ltr'><strong>esse</strong></span> <span class='ocrx_word' id='word_1_143' title='bbox 917 1909 1101 1970; x_wconf 89' lang='lat' dir='ltr'><strong>quenquam,</strong></span> <span class='ocrx_word' id='word_1_144' title='bbox 1198 1939 1211 1950; x_wconf 90' lang='lat'><em>.</em></span> 
     </span>
    </p>
   </div>
   <div class='ocr_carea' id='block_1_5' title="bbox 103 1967 1103 2306">
    <p class='ocr_par' dir='ltr' id='par_1_5' title="bbox 103 1967 1103 2306">
     <span class='ocr_line' id='line_1_19' title="bbox 105 1967 1103 2054; baseline 0.002 -22"><span class='ocrx_word' id='word_1_145' title='bbox 105 1971 144 2032; x_wconf 83' lang='lat' dir='ltr'><strong>niti</strong></span> <span class='ocrx_word' id='word_1_146' title='bbox 158 1969 242 2034; x_wconf 84' lang='lat' dir='ltr'><strong>&#39;causa</strong></span> <span class='ocrx_word' id='word_1_147' title='bbox 264 1973 441 2054; x_wconf 79' lang='lat' dir='ltr'><strong>percognita</strong></span> <span class='ocrx_word' id='word_1_148' title='bbox 460 1989 491 2032; x_wconf 88' lang='lat' dir='ltr'><strong>et</strong></span> <span class='ocrx_word' id='word_1_149' title='bbox 511 1967 577 2032; x_wconf 88' lang='lat' dir='ltr'><strong>satis</strong></span> <span class='ocrx_word' id='word_1_150' title='bbox 603 1973 766 2052; x_wconf 86' lang='lat' dir='ltr'><strong>explorata.</strong></span> <span class='ocrx_word' id='word_1_151' title='bbox 811 1973 938 2032; x_wconf 82' lang='lat' dir='ltr'><strong>Interim</strong></span> <span class='ocrx_word' id='word_1_152' title='bbox 957 1991 1030 2033; x_wconf 81' lang='lat' dir='ltr'><strong>vero</strong></span> <span class='ocrx_word' id='word_1_153' title='bbox 1051 1991 1103 2035; x_wconf 82' lang='lat' dir='ltr'><strong>me</strong></span> 
     </span>
     <span class='ocr_line' id='line_1_20' title="bbox 104 2052 1099 2136; baseline 0.004 -23"><span class='ocrx_word' id='word_1_154' title='bbox 104 2073 246 2129; x_wconf 77' lang='lat' dir='ltr'><strong>patarinos</strong></span> <span class='ocrx_word' id='word_1_155' title='bbox 261 2059 433 2134; x_wconf 88' lang='lat' dir='ltr'><strong>complures</strong></span> <span class='ocrx_word' id='word_1_156' title='bbox 448 2053 505 2116; x_wconf 86' lang='lat' dir='ltr'><strong>stoc</strong></span> <span class='ocrx_word' id='word_1_157' title='bbox 521 2076 595 2134; x_wconf 83' lang='lat' dir='ltr'><strong>opus</strong></span> <span class='ocrx_word' id='word_1_158' title='bbox 609 2057 650 2115; x_wconf 91' lang='lat' dir='ltr'><strong>ita</strong></span> <span class='ocrx_word' id='word_1_159' title='bbox 664 2057 766 2115; x_wconf 75' lang='lat' dir='ltr'><strong>nudes</strong></span> <span class='ocrx_word' id='word_1_160' title='bbox 785 2052 912 2134; x_wconf 85' lang='lat' dir='ltr'><strong>diesque</strong></span> <span class='ocrx_word' id='word_1_161' title='bbox 932 2057 1099 2136; x_wconf 84' lang='lat' dir='ltr'><strong>occupauit,</strong></span> 
     </span>
     <span class='ocr_line' id='line_1_21' title="bbox 103 2136 1102 2218; baseline 0.004 -22"><span class='ocrx_word' id='word_1_162' title='bbox 103 2153 125 2196; x_wconf 89' lang='lat' dir='ltr'><strong>tr</strong></span> <span class='ocrx_word' id='word_1_163' title='bbox 144 2162 199 2200; x_wconf 87' lang='lat' dir='ltr'><strong>non</strong></span> <span class='ocrx_word' id='word_1_164' title='bbox 221 2141 319 2203; x_wconf 86' lang='lat' dir='ltr'><strong>multo</strong></span> <span class='ocrx_word' id='word_1_165' title='bbox 340 2136 508 2200; x_wconf 83' lang='lat' dir='ltr'><strong>suartiorem</strong></span> <span class='ocrx_word' id='word_1_166' title='bbox 530 2138 619 2197; x_wconf 81' lang='lat' dir='ltr'><strong>vitam</strong></span> <span class='ocrx_word' id='word_1_167' title='bbox 636 2139 759 2217; x_wconf 78' lang='lat' dir='ltr'><strong>egerim,</strong></span> <span class='ocrx_word' id='word_1_168' title='bbox 781 2155 871 2216; x_wconf 89' lang='lat' dir='ltr'><strong>quam</strong></span> <span class='ocrx_word' id='word_1_169' title='bbox 886 2137 916 2211; x_wconf 91' lang='lat' dir='ltr'><strong>ii,</strong></span> <span class='ocrx_word' id='word_1_170' title='bbox 938 2159 1013 2218; x_wconf 86' lang='lat' dir='ltr'><strong>quos</strong></span> <span class='ocrx_word' id='word_1_171' title='bbox 1029 2141 1102 2200; x_wconf 82' lang='lat' dir='ltr'><strong>llio·</strong></span> 
     </span>
     <span class='ocr_line' id='line_1_22' title="bbox 104 2219 1100 2306; baseline 0.004 -28"><span class='ocrx_word' id='word_1_172' title='bbox 104 2221 184 2300; x_wconf 74' lang='lat' dir='ltr'><strong>nysus</strong></span> <span class='ocrx_word' id='word_1_173' title='bbox 205 2242 352 2306; x_wconf 85' lang='lat' dir='ltr'><strong>tyrannus</strong></span> <span class='ocrx_word' id='word_1_174' title='bbox 372 2224 403 2284; x_wconf 91' lang='lat' dir='ltr'><strong>in</strong></span> <span class='ocrx_word' id='word_1_175' title='bbox 427 2221 573 2282; x_wconf 75' lang='lat' dir='ltr'><strong>Latomiae</strong></span> <span class='ocrx_word' id='word_1_176' title='bbox 588 2219 787 2281; x_wconf 82' lang='lat' dir='ltr'><strong>coriiiciebat:</strong></span> <span class='ocrx_word' id='word_1_177' title='bbox 807 2221 848 2280; x_wconf 89' lang='lat' dir='ltr'><strong>ita</strong></span> <span class='ocrx_word' id='word_1_178' title='bbox 869 2237 952 2281; x_wconf 87' lang='lat' dir='ltr'><strong>certe</strong></span> <span class='ocrx_word' id='word_1_179' title='bbox 975 2223 1100 2302; x_wconf 81' lang='lat' dir='ltr'><strong>quidem</strong></span> 
     </span>
    </p>
   </div>
   <div class='ocr_carea' id='block_1_6' title="bbox 104 2299 1190 2390">
    <p class='ocr_par' dir='ltr' id='par_1_6' title="bbox 104 2299 1190 2390">
     <span class='ocr_line' id='line_1_23' title="bbox 104 2299 1190 2390; baseline 0.001 -27"><span class='ocrx_word' id='word_1_180' title='bbox 104 2303 277 2390; x_wconf 83' lang='lat' dir='ltr'><strong>delatigauit,</strong></span> <span class='ocrx_word' id='word_1_181' title='bbox 297 2325 335 2381; x_wconf 85' lang='lat' dir='ltr'><strong>vt,</strong></span> <span class='ocrx_word' id='word_1_182' title='bbox 350 2309 401 2386; x_wconf 89' lang='lat' dir='ltr'><strong>qui</strong></span> <span class='ocrx_word' id='word_1_183' title='bbox 416 2303 726 2385; x_wconf 87' lang='lat' dir='ltr'><strong>mibi‚postannorum</strong></span> <span class='ocrx_word' id='word_1_184' title='bbox 745 2322 797 2364; x_wconf 54' lang='lat' dir='ltr'><strong>att,</strong></span> <span class='ocrx_word' id='word_1_185' title='bbox 807 2299 990 2378; x_wconf 84' lang='lat' dir='ltr'><strong>seruitutem,</strong></span> <span class='ocrx_word' id='word_1_186' title='bbox 1003 2306 1100 2365; x_wconf 90' lang='lat' dir='ltr'><strong>otium</strong></span> <span class='ocrx_word' id='word_1_187' title='bbox 1187 2340 1190 2347; x_wconf 90' lang='lat'>·</span> 
     </span>
    </p>
   </div>
   <div class='ocr_carea' id='block_1_7' title="bbox 102 2386 1108 2718">
    <p class='ocr_par' dir='ltr' id='par_1_7' title="bbox 102 2386 1108 2718">
     <span class='ocr_line' id='line_1_24' title="bbox 103 2386 1102 2468; baseline 0.003 -23"><span class='ocrx_word' id='word_1_188' title='bbox 103 2389 243 2466; x_wconf 76' lang='lat' dir='ltr'><strong>mediocre,</strong></span> <span class='ocrx_word' id='word_1_189' title='bbox 262 2391 345 2467; x_wconf 89' lang='lat' dir='ltr'><strong>quod</strong></span> <span class='ocrx_word' id='word_1_190' title='bbox 362 2389 456 2450; x_wconf 84' lang='lat' dir='ltr'><strong>restra</strong></span> <span class='ocrx_word' id='word_1_191' title='bbox 481 2387 685 2449; x_wconf 82' lang='lat' dir='ltr'><strong>munificentia</strong></span> <span class='ocrx_word' id='word_1_192' title='bbox 705 2388 779 2446; x_wconf 90' lang='lat' dir='ltr'><strong>mibi</strong></span> <span class='ocrx_word' id='word_1_193' title='bbox 801 2386 888 2460; x_wconf 82' lang='lat' dir='ltr'><strong>fecit,</strong></span> <span class='ocrx_word' id='word_1_194' title='bbox 909 2387 1102 2468; x_wconf 71' lang='lat' dir='ltr'><strong>honestoque¹</strong></span> 
     </span>
     <span class='ocr_line' id='line_1_25' title="bbox 102 2470 1108 2552; baseline 0.001 -23"><span class='ocrx_word' id='word_1_195' title='bbox 102 2471 228 2551; x_wconf 80' lang='lat' dir='ltr'><strong>dipendio</strong></span> <span class='ocrx_word' id='word_1_196' title='bbox 244 2474 377 2549; x_wconf 82' lang='lat' dir='ltr'><strong>decrero,</strong></span> <span class='ocrx_word' id='word_1_197' title='bbox 398 2473 471 2533; x_wconf 87' lang='lat' dir='ltr'><strong>staec</strong></span> <span class='ocrx_word' id='word_1_198' title='bbox 485 2471 660 2533; x_wconf 88' lang='lat' dir='ltr'><strong>etaborandi</strong></span> <span class='ocrx_word' id='word_1_199' title='bbox 676 2470 853 2552; x_wconf 87' lang='lat' dir='ltr'><strong>potestatem</strong></span> <span class='ocrx_word' id='word_1_200' title='bbox 875 2487 907 2531; x_wconf 90' lang='lat' dir='ltr'><strong>et</strong></span> <span class='ocrx_word' id='word_1_201' title='bbox 923 2470 1108 2531; x_wconf 75' lang='lat' dir='ltr'><strong>facultatem</strong></span> 
     </span>
     <span class='ocr_line' id='line_1_26' title="bbox 103 2547 1100 2636; baseline 0.001 -23"><span class='ocrx_word' id='word_1_202' title='bbox 103 2555 179 2636; x_wconf 84' lang='lat' dir='ltr'><strong>ledit,</strong></span> <span class='ocrx_word' id='word_1_203' title='bbox 199 2547 363 2632; x_wconf 88' lang='lat' dir='ltr'><strong>inuiderit,</strong></span> <span class='ocrx_word' id='word_1_204' title='bbox 381 2575 491 2616; x_wconf 89' lang='lat' dir='ltr'><strong>omnes</strong></span> <span class='ocrx_word' id='word_1_205' title='bbox 510 2549 669 2628; x_wconf 72' lang='lat' dir='ltr'><strong>se&#39;Zoilos,</strong></span> <span class='ocrx_word' id='word_1_206' title='bbox 692 2573 799 2614; x_wconf 89' lang='lat' dir='ltr'><strong>omnes</strong></span> <span class='ocrx_word' id='word_1_207' title='bbox 820 2553 957 2626; x_wconf 85' lang='lat' dir='ltr'><strong>Momos,</strong></span> <span class='ocrx_word' id='word_1_208' title='bbox 976 2553 1100 2614; x_wconf 89' lang='lat' dir='ltr'><strong>maledi·</strong></span> 
     </span>
     <span class='ocr_line' id='line_1_27' title="bbox 102 2633 1098 2718; baseline 0 -22"><span class='ocrx_word' id='word_1_209' title='bbox 102 2643 181 2702; x_wconf 86' lang='lat' dir='ltr'><strong>tentia</strong></span> <span class='ocrx_word' id='word_1_210' title='bbox 204 2661 234 2704; x_wconf 90' lang='lat' dir='ltr'><strong>et</strong></span> <span class='ocrx_word' id='word_1_211' title='bbox 245 2639 441 2712; x_wconf 74' lang='lat' dir='ltr'><strong>¹obtreslandi</strong></span> <span class='ocrx_word' id='word_1_212' title='bbox 462 2637 589 2699; x_wconf 87' lang='lat' dir='ltr'><strong>libidine</strong></span> <span class='ocrx_word' id='word_1_213' title='bbox 602 2633 741 2718; x_wconf 88' lang='lat' dir='ltr'><strong>superare</strong></span> <span class='ocrx_word' id='word_1_214' title='bbox 754 2636 890 2698; x_wconf 78' lang='lat' dir='ltr'><strong>sateatut.</strong></span> <span class='ocrx_word' id='word_1_215' title='bbox 932 2637 1098 2698; x_wconf 87' lang='lat' dir='ltr'><strong>Caeterum</strong></span> 
     </span>
    </p>
   </div>
   <div class='ocr_carea' id='block_1_8' title="bbox 100 2715 1202 2804">
    <p class='ocr_par' dir='ltr' id='par_1_8' title="bbox 100 2715 1202 2804">
     <span class='ocr_line' id='line_1_28' title="bbox 100 2715 1202 2804; baseline 0 -24"><span class='ocrx_word' id='word_1_216' title='bbox 100 2721 156 2784; x_wconf 80' lang='lat' dir='ltr'><strong>laer</strong></span> <span class='ocrx_word' id='word_1_217' title='bbox 169 2727 266 2804; x_wconf 88' lang='lat' dir='ltr'><strong>qualia</strong></span> <span class='ocrx_word' id='word_1_218' title='bbox 283 2743 313 2786; x_wconf 88' lang='lat' dir='ltr'><strong>et</strong></span> <span class='ocrx_word' id='word_1_219' title='bbox 327 2727 591 2804; x_wconf 88' lang='lat' dir='ltr'><strong>quantulacunque</strong></span> <span class='ocrx_word' id='word_1_220' title='bbox 606 2715 680 2794; x_wconf 88' lang='lat' dir='ltr'><strong>sunt,</strong></span> <span class='ocrx_word' id='word_1_221' title='bbox 699 2741 761 2782; x_wconf 88' lang='lat' dir='ltr'><strong>non</strong></span> <span class='ocrx_word' id='word_1_222' title='bbox 778 2738 836 2782; x_wconf 91' lang='lat' dir='ltr'><strong>tam</strong></span> <span class='ocrx_word' id='word_1_223' title='bbox 852 2739 918 2781; x_wconf 89' lang='lat' dir='ltr'><strong>mea</strong></span> <span class='ocrx_word' id='word_1_224' title='bbox 929 2720 1023 2795; x_wconf 82' lang='lat' dir='ltr'><strong>vobis,</strong></span> <span class='ocrx_word' id='word_1_225' title='bbox 1038 2729 1098 2781; x_wconf 75' lang='lat' dir='ltr'><strong>alu·</strong></span> <span class='ocrx_word' id='word_1_226' title='bbox 1198 2722 1202 2734; x_wconf 91' lang='lat'>&#39;</span> 
     </span>
    </p>
   </div>
   <div class='ocr_carea' id='block_1_9' title="bbox 100 2802 1101 3466">
    <p class='ocr_par' dir='ltr' id='par_1_9' title="bbox 100 2802 1101 3466">
     <span class='ocr_line' id='line_1_29' title="bbox 103 2802 1100 2886; baseline -0.002 -21"><span class='ocrx_word' id='word_1_227' title='bbox 103 2807 200 2884; x_wconf 84' lang='lat' dir='ltr'><strong>plilsnni</strong></span> <span class='ocrx_word' id='word_1_228' title='bbox 213 2809 281 2884; x_wconf 85' lang='lat' dir='ltr'><strong>tiri,</strong></span> <span class='ocrx_word' id='word_1_229' title='bbox 299 2805 423 2880; x_wconf 75' lang='lat' dir='ltr'><strong>ofl&#39;ero,</strong></span> <span class='ocrx_word' id='word_1_230' title='bbox 434 2825 523 2886; x_wconf 85' lang='lat' dir='ltr'><strong>quam</strong></span> <span class='ocrx_word' id='word_1_231' title='bbox 537 2803 631 2865; x_wconf 79' lang='lat' dir='ltr'><strong>restra</strong></span> <span class='ocrx_word' id='word_1_232' title='bbox 657 2805 742 2864; x_wconf 87' lang='lat' dir='ltr'><strong>vobis</strong></span> <span class='ocrx_word' id='word_1_233' title='bbox 765 2802 896 2864; x_wconf 87' lang='lat' dir='ltr'><strong>restituo.</strong></span> <span class='ocrx_word' id='word_1_234' title='bbox 935 2807 1100 2884; x_wconf 87' lang='lat' dir='ltr'><strong>Nunquam</strong></span> 
     </span>
     <span class='ocr_line' id='line_1_30' title="bbox 102 2885 1101 2970; baseline 0 -23"><span class='ocrx_word' id='word_1_235' title='bbox 102 2893 165 2950; x_wconf 88' lang='lat' dir='ltr'><strong>enirn</strong></span> <span class='ocrx_word' id='word_1_236' title='bbox 185 2893 290 2954; x_wconf 88' lang='lat' dir='ltr'><strong>conari</strong></span> <span class='ocrx_word' id='word_1_237' title='bbox 309 2911 344 2953; x_wconf 88' lang='lat' dir='ltr'><strong>ea</strong></span> <span class='ocrx_word' id='word_1_238' title='bbox 365 2885 539 2970; x_wconf 79' lang='lat' dir='ltr'><strong>potuissem,</strong></span> <span class='ocrx_word' id='word_1_239' title='bbox 557 2887 610 2948; x_wconf 88' lang='lat' dir='ltr'><strong>nili</strong></span> <span class='ocrx_word' id='word_1_240' title='bbox 634 2885 730 2948; x_wconf 81' lang='lat' dir='ltr'><strong>vestra</strong></span> <span class='ocrx_word' id='word_1_241' title='bbox 746 2888 933 2968; x_wconf 83' lang='lat' dir='ltr'><strong>benignitas,</strong></span> <span class='ocrx_word' id='word_1_242' title='bbox 956 2903 1101 2966; x_wconf 84' lang='lat' dir='ltr'><strong>tanquam</strong></span> 
     </span>
     <span class='ocr_line' id='line_1_31' title="bbox 101 2965 1101 3056; baseline -0.002 -25"><span class='ocrx_word' id='word_1_243' title='bbox 101 2967 203 3035; x_wconf 82' lang='lat' dir='ltr'><strong>salutare</strong></span> <span class='ocrx_word' id='word_1_244' title='bbox 217 2975 371 3056; x_wconf 85' lang='lat' dir='ltr'><strong>quoddam</strong></span> <span class='ocrx_word' id='word_1_245' title='bbox 384 2972 469 3046; x_wconf 90' lang='lat' dir='ltr'><strong>lidus,</strong></span> <span class='ocrx_word' id='word_1_246' title='bbox 492 2971 564 3032; x_wconf 88' lang='lat' dir='ltr'><strong>mibi</strong></span> <span class='ocrx_word' id='word_1_247' title='bbox 578 2965 738 3031; x_wconf 83' lang='lat' dir='ltr'><strong>affulsisset.</strong></span> <span class='ocrx_word' id='word_1_248' title='bbox 778 2973 887 3050; x_wconf 88' lang='lat' dir='ltr'><strong>Neque</strong></span> <span class='ocrx_word' id='word_1_249' title='bbox 902 2987 974 3030; x_wconf 86' lang='lat' dir='ltr'><strong>vero</strong></span> <span class='ocrx_word' id='word_1_250' title='bbox 982 2971 1030 3029; x_wconf 77' lang='lat' dir='ltr'><strong>uel</strong></span> <span class='ocrx_word' id='word_1_251' title='bbox 1041 2969 1101 3052; x_wconf 84' lang='lat' dir='ltr'><strong>pri-</strong></span> 
     </span>
     <span class='ocr_line' id='line_1_32' title="bbox 103 3052 1098 3139; baseline -0.004 -21"><span class='ocrx_word' id='word_1_252' title='bbox 103 3073 150 3118; x_wconf 83' lang='lat' dir='ltr'><strong>mus</strong></span> <span class='ocrx_word' id='word_1_253' title='bbox 164 3059 249 3121; x_wconf 87' lang='lat' dir='ltr'><strong>huius</strong></span> <span class='ocrx_word' id='word_1_254' title='bbox 260 3059 362 3139; x_wconf 87' lang='lat' dir='ltr'><strong>operis</strong></span> <span class='ocrx_word' id='word_1_255' title='bbox 379 3077 530 3138; x_wconf 89' lang='lat' dir='ltr'><strong>patronus,</strong></span> <span class='ocrx_word' id='word_1_256' title='bbox 551 3055 582 3114; x_wconf 91' lang='lat' dir='ltr'><strong>in</strong></span> <span class='ocrx_word' id='word_1_257' title='bbox 597 3055 680 3114; x_wconf 85' lang='lat' dir='ltr'><strong>cuius</strong></span> <span class='ocrx_word' id='word_1_258' title='bbox 696 3055 726 3114; x_wconf 92' lang='lat' dir='ltr'><strong>id</strong></span> <span class='ocrx_word' id='word_1_259' title='bbox 748 3055 875 3114; x_wconf 88' lang='lat' dir='ltr'><strong>nomine</strong></span> <span class='ocrx_word' id='word_1_260' title='bbox 892 3052 952 3113; x_wconf 86' lang='lat' dir='ltr'><strong>iarn</strong></span> <span class='ocrx_word' id='word_1_261' title='bbox 974 3053 1098 3114; x_wconf 83' lang='lat' dir='ltr'><strong>tertium</strong></span> 
     </span>
     <span class='ocr_line' id='line_1_33' title="bbox 103 3134 1096 3221; baseline -0.005 -19"><span class='ocrx_word' id='word_1_262' title='bbox 103 3146 234 3220; x_wconf 80' lang='lat' dir='ltr'><strong>apparuit,</strong></span> <span class='ocrx_word' id='word_1_263' title='bbox 259 3144 311 3202; x_wconf 85' lang='lat' dir='ltr'><strong>vel</strong></span> <span class='ocrx_word' id='word_1_264' title='bbox 330 3137 484 3221; x_wconf 85' lang='lat' dir='ltr'><strong>quisquam</strong></span> <span class='ocrx_word' id='word_1_265' title='bbox 506 3134 595 3212; x_wconf 86' lang='lat' dir='ltr'><strong>alius,</strong></span> <span class='ocrx_word' id='word_1_266' title='bbox 616 3138 746 3198; x_wconf 88' lang='lat' dir='ltr'><strong>leuitatis</strong></span> <span class='ocrx_word' id='word_1_267' title='bbox 769 3155 896 3217; x_wconf 86' lang='lat' dir='ltr'><strong>arguere</strong></span> <span class='ocrx_word' id='word_1_268' title='bbox 909 3151 959 3195; x_wconf 87' lang='lat' dir='ltr'><strong>me</strong></span> <span class='ocrx_word' id='word_1_269' title='bbox 972 3134 1096 3216; x_wconf 88' lang='lat' dir='ltr'><strong>poterit.</strong></span> 
     </span>
     <span class='ocr_line' id='line_1_34' title="bbox 101 3217 1099 3303; baseline -0.003 -21"><span class='ocrx_word' id='word_1_270' title='bbox 101 3223 161 3283; x_wconf 82' lang='lat' dir='ltr'><strong>llam</strong></span> <span class='ocrx_word' id='word_1_271' title='bbox 174 3245 241 3286; x_wconf 86' lang='lat' dir='ltr'><strong>cum</strong></span> <span class='ocrx_word' id='word_1_272' title='bbox 256 3225 311 3286; x_wconf 84' lang='lat' dir='ltr'><strong>ille</strong></span> <span class='ocrx_word' id='word_1_273' title='bbox 325 3227 356 3285; x_wconf 92' lang='lat' dir='ltr'><strong>in</strong></span> <span class='ocrx_word' id='word_1_274' title='bbox 372 3223 492 3303; x_wconf 89' lang='lat' dir='ltr'><strong>praedia</strong></span> <span class='ocrx_word' id='word_1_275' title='bbox 507 3217 595 3282; x_wconf 90' lang='lat' dir='ltr'><strong>suase</strong></span> <span class='ocrx_word' id='word_1_276' title='bbox 617 3239 808 3302; x_wconf 87' lang='lat' dir='ltr'><strong>recepturus,</strong></span> <span class='ocrx_word' id='word_1_277' title='bbox 822 3239 872 3280; x_wconf 88' lang='lat' dir='ltr'><strong>me</strong></span> <span class='ocrx_word' id='word_1_278' title='bbox 894 3217 972 3298; x_wconf 85' lang='lat' dir='ltr'><strong>quast</strong></span> <span class='ocrx_word' id='word_1_279' title='bbox 997 3239 1099 3279; x_wconf 86' lang='lat' dir='ltr'><strong>eman·</strong></span> 
     </span>
     <span class='ocr_line' id='line_1_35' title="bbox 101 3297 1097 3386; baseline -0.002 -21"><span class='ocrx_word' id='word_1_280' title='bbox 101 3309 213 3386; x_wconf 77' lang='lat' dir='ltr'><strong>riparum</strong></span> <span class='ocrx_word' id='word_1_281' title='bbox 232 3307 395 3381; x_wconf 88' lang='lat' dir='ltr'><strong>esamilia,</strong></span> <span class='ocrx_word' id='word_1_282' title='bbox 419 3304 535 3366; x_wconf 84' lang='lat' dir='ltr'><strong>vestrae</strong></span> <span class='ocrx_word' id='word_1_283' title='bbox 555 3301 627 3364; x_wconf 85' lang='lat' dir='ltr'><strong>fidei</strong></span> <span class='ocrx_word' id='word_1_284' title='bbox 650 3321 680 3364; x_wconf 90' lang='lat' dir='ltr'><strong>et</strong></span> <span class='ocrx_word' id='word_1_285' title='bbox 702 3303 874 3365; x_wconf 87' lang='lat' dir='ltr'><strong>liberalitati</strong></span> <span class='ocrx_word' id='word_1_286' title='bbox 894 3297 1097 3377; x_wconf 78' lang='lat' dir='ltr'><strong>commifill&#39;et,</strong></span> 
     </span>
     <span class='ocr_line' id='line_1_36' title="bbox 100 3381 1098 3466; baseline -0.008 -12"><span class='ocrx_word' id='word_1_287' title='bbox 100 3403 146 3454; x_wconf 73' lang='lat' dir='ltr'><strong>lna</strong></span> <span class='ocrx_word' id='word_1_288' title='bbox 157 3411 272 3454; x_wconf 88' lang='lat' dir='ltr'><strong>mecum</strong></span> <span class='ocrx_word' id='word_1_289' title='bbox 288 3393 425 3454; x_wconf 88' lang='lat' dir='ltr'><strong>etiam&#39;ea</strong></span> <span class='ocrx_word' id='word_1_290' title='bbox 441 3391 524 3450; x_wconf 81' lang='lat' dir='ltr'><strong>vobis</strong></span> <span class='ocrx_word' id='word_1_291' title='bbox 541 3387 673 3462; x_wconf 89' lang='lat' dir='ltr'><strong>tradidit,</strong></span> <span class='ocrx_word' id='word_1_292' title='bbox 683 3407 760 3466; x_wconf 91' lang='lat' dir='ltr'><strong>quae</strong></span> <span class='ocrx_word' id='word_1_293' title='bbox 773 3383 878 3447; x_wconf 77' lang='lat' dir='ltr'><strong>Musae</strong></span> <span class='ocrx_word' id='word_1_294' title='bbox 892 3405 979 3445; x_wconf 88' lang='lat' dir='ltr'><strong>meae</strong></span> <span class='ocrx_word' id='word_1_295' title='bbox 986 3381 1036 3446; x_wconf 89' lang='lat' dir='ltr'><strong>sub</strong></span> <span class='ocrx_word' id='word_1_296' title='bbox 1047 3394 1098 3446; x_wconf 76' lang='lat' dir='ltr'><strong>ve·</strong></span> 
     </span>
    </p>
   </div>
   <div class='ocr_carea' id='block_1_10' title="bbox 98 3464 1203 3556">
    <p class='ocr_par' dir='ltr' id='par_1_10' title="bbox 98 3464 1203 3556">
     <span class='ocr_line' id='line_1_37' title="bbox 98 3464 1203 3556; baseline -0.006 -22"><span class='ocrx_word' id='word_1_297' title='bbox 98 3471 141 3534; x_wconf 83' lang='lat' dir='ltr'><strong>sito</strong></span> <span class='ocrx_word' id='word_1_298' title='bbox 156 3473 320 3556; x_wconf 84' lang='lat' dir='ltr'><strong>patrocinio</strong></span> <span class='ocrx_word' id='word_1_299' title='bbox 335 3465 509 3536; x_wconf 67' lang='lat' dir='ltr'><strong>eft&#39;eciss&#39;em,</strong></span> <span class='ocrx_word' id='word_1_300' title='bbox 548 3469 672 3531; x_wconf 84' lang='lat' dir='ltr'><strong>Deinde</strong></span> <span class='ocrx_word' id='word_1_301' title='bbox 694 3473 735 3530; x_wconf 89' lang='lat' dir='ltr'><strong>ita</strong></span> <span class='ocrx_word' id='word_1_302' title='bbox 755 3467 854 3549; x_wconf 88' lang='lat' dir='ltr'><strong>prodit</strong></span> <span class='ocrx_word' id='word_1_303' title='bbox 867 3467 1099 3542; x_wconf 84' lang='lat' dir='ltr'><strong>Demosthenes,</strong></span> <span class='ocrx_word' id='word_1_304' title='bbox 1170 3464 1177 3478; x_wconf 79' lang='grc'><em>“</em></span> <span class='ocrx_word' id='word_1_305' title='bbox 1201 3504 1203 3511; x_wconf 69' lang='lat'><strong>,</strong></span> 
     </span>
    </p>
   </div>
   <div class='ocr_carea' id='block_1_11' title="bbox 99 3550 1097 3728">
    <p class='ocr_par' dir='ltr' id='par_1_11' title="bbox 99 3550 1097 3728">
     <span class='ocr_line' id='line_1_38' title="bbox 99 3550 1097 3640; baseline -0.004 -24"><span class='ocrx_word' id='word_1_306' title='bbox 99 3555 182 3633; x_wconf 85' lang='lat' dir='ltr'><strong>(modo</strong></span> <span class='ocrx_word' id='word_1_307' title='bbox 200 3579 313 3639; x_wconf 87' lang='lat' dir='ltr'><strong>operae</strong></span> <span class='ocrx_word' id='word_1_308' title='bbox 327 3556 562 3640; x_wconf 72' lang='lat' dir='ltr'><strong>typographicae</strong></span> <span class='ocrx_word' id='word_1_309' title='bbox 575 3573 638 3614; x_wconf 90' lang='lat' dir='ltr'><strong>non</strong></span> <span class='ocrx_word' id='word_1_310' title='bbox 653 3553 692 3614; x_wconf 91' lang='lat' dir='ltr'><strong>de</strong></span> <span class='ocrx_word' id='word_1_311' title='bbox 709 3555 830 3634; x_wconf 85' lang='lat' dir='ltr'><strong>integro</strong></span> <span class='ocrx_word' id='word_1_312' title='bbox 845 3550 1097 3628; x_wconf 84' lang='lat' dir='ltr'><strong>deformarintea,</strong></span> 
     </span>
     <span class='ocr_line' id='line_1_39' title="bbox 99 3627 1095 3728; baseline -0.008 -26"><span class='ocrx_word' id='word_1_313' title='bbox 99 3663 158 3719; x_wconf 84' lang='lat' dir='ltr'><strong>quse</strong></span> <span class='ocrx_word' id='word_1_314' title='bbox 175 3663 231 3726; x_wconf 74' lang='lat' dir='ltr'><strong>ego</strong></span> <span class='ocrx_word' id='word_1_315' title='bbox 247 3639 362 3728; x_wconf 85' lang='lat' dir='ltr'><strong>summo</strong></span> <span class='ocrx_word' id='word_1_316' title='bbox 378 3643 481 3702; x_wconf 88' lang='lat' dir='ltr'><strong>labore</strong></span> <span class='ocrx_word' id='word_1_317' title='bbox 494 3637 639 3718; x_wconf 79' lang='lat' dir='ltr'><strong>expoliui.</strong></span> <span class='ocrx_word' id='word_1_318' title='bbox 667 3639 759 3718; x_wconf 83' lang='lat' dir='ltr'><strong>longe</strong></span> <span class='ocrx_word' id='word_1_319' title='bbox 778 3658 794 3696; x_wconf 93' lang='lat' dir='ltr'><strong>a</strong></span> <span class='ocrx_word' id='word_1_320' title='bbox 817 3635 903 3717; x_wconf 89' lang='lat' dir='ltr'><strong>prelo</strong></span> <span class='ocrx_word' id='word_1_321' title='bbox 924 3627 1040 3708; x_wconf 89' lang='lat' dir='ltr'><strong>absum,</strong></span> <span class='ocrx_word' id='word_1_322' title='bbox 1062 3649 1095 3696; x_wconf 82' lang='lat' dir='ltr'><strong>et</strong></span> 
     </span>
    </p>
   </div>
   <div class='ocr_carea' id='block_1_12' title="bbox 97 3717 1118 3802">
    <p class='ocr_par' dir='ltr' id='par_1_12' title="bbox 97 3717 1118 3802">
     <span class='ocr_line' id='line_1_40' title="bbox 97 3717 1118 3802; baseline -0.009 -18"><span class='ocrx_word' id='word_1_323' title='bbox 97 3728 150 3788; x_wconf 88' lang='lat' dir='ltr'><strong>alias</strong></span> <span class='ocrx_word' id='word_1_324' title='bbox 168 3733 240 3790; x_wconf 91' lang='lat' dir='ltr'><strong>alios</strong></span> <span class='ocrx_word' id='word_1_325' title='bbox 265 3727 384 3788; x_wconf 86' lang='lat' dir='ltr'><strong>codices</strong></span> <span class='ocrx_word' id='word_1_326' title='bbox 406 3741 437 3786; x_wconf 90' lang='lat' dir='ltr'><strong>et</strong></span> <span class='ocrx_word' id='word_1_327' title='bbox 451 3723 565 3784; x_wconf 86' lang='lat' dir='ltr'><strong>chartas</strong></span> <span class='ocrx_word' id='word_1_328' title='bbox 586 3721 776 3802; x_wconf 82' lang='lat' dir='ltr'><strong>typographo</strong></span> <span class='ocrx_word' id='word_1_329' title='bbox 790 3719 866 3790; x_wconf 80' lang='lat' dir='ltr'><strong>mili)</strong></span> <span class='ocrx_word' id='word_1_330' title='bbox 882 3719 919 3778; x_wconf 81' lang='lat' dir='ltr'><strong>sie</strong></span> <span class='ocrx_word' id='word_1_331' title='bbox 933 3717 1033 3798; x_wconf 85' lang='lat' dir='ltr'><strong>igitur,</strong></span> <span class='ocrx_word' id='word_1_332' title='bbox 1048 3717 1095 3778; x_wconf 87' lang='lat' dir='ltr'><strong>in·</strong></span> <span class='ocrx_word' id='word_1_333' title='bbox 1114 3798 1118 3802; x_wconf 16' lang='grc' dir='ltr'><strong><em>ι</em></strong></span> 
     </span>
    </p>
   </div>
   <div class='ocr_carea' id='block_1_13' title="bbox 96 3800 1097 3976">
    <p class='ocr_par' dir='ltr' id='par_1_13' title="bbox 96 3800 1097 3976">
     <span class='ocr_line' id='line_1_41' title="bbox 97 3800 1097 3894; baseline -0.004 -25"><span class='ocrx_word' id='word_1_334' title='bbox 97 3831 176 3894; x_wconf 84' lang='lat' dir='ltr'><strong>quarn,</strong></span> <span class='ocrx_word' id='word_1_335' title='bbox 189 3811 285 3892; x_wconf 81' lang='lat' dir='ltr'><strong>lquod</strong></span> <span class='ocrx_word' id='word_1_336' title='bbox 300 3807 463 3888; x_wconf 88' lang='lat' dir='ltr'><strong>quidemin</strong></span> <span class='ocrx_word' id='word_1_337' title='bbox 481 3825 530 3867; x_wconf 91' lang='lat' dir='ltr'><strong>me</strong></span> <span class='ocrx_word' id='word_1_338' title='bbox 545 3805 618 3878; x_wconf 89' lang='lat' dir='ltr'><strong>luit)</strong></span> <span class='ocrx_word' id='word_1_339' title='bbox 633 3801 661 3864; x_wconf 91' lang='lat' dir='ltr'><strong>se</strong></span> <span class='ocrx_word' id='word_1_340' title='bbox 675 3800 864 3886; x_wconf 72' lang='lat' dir='ltr'><strong>spedandum</strong></span> <span class='ocrx_word' id='word_1_341' title='bbox 872 3801 1097 3865; x_wconf 74' lang='lat' dir='ltr'><strong>Demosthenes</strong></span> 
     </span>
     <span class='ocr_line' id='line_1_42' title="bbox 96 3887 725 3976; baseline -0.006 -25"><span class='ocrx_word' id='word_1_342' title='bbox 96 3912 147 3953; x_wconf 83' lang='lat' dir='ltr'><strong>rom</strong></span> <span class='ocrx_word' id='word_1_343' title='bbox 160 3915 218 3956; x_wconf 90' lang='lat' dir='ltr'><strong>non</strong></span> <span class='ocrx_word' id='word_1_344' title='bbox 234 3889 420 3976; x_wconf 87' lang='lat' dir='ltr'><strong>aspernando</strong></span> <span class='ocrx_word' id='word_1_345' title='bbox 437 3891 577 3952; x_wconf 88' lang='lat' dir='ltr'><strong>comitatu</strong></span> <span class='ocrx_word' id='word_1_346' title='bbox 592 3887 725 3968; x_wconf 85' lang='lat' dir='ltr'><strong>praebet,</strong></span> 
     </span>
    </p>
   </div>
   <div class='ocr_carea' id='block_1_14' title="bbox 110 3977 1069 4046">
    <p class='ocr_par' dir='ltr' id='par_1_14' title="bbox 110 3977 1069 4046">
     <span class='ocr_line' id='line_1_43' title="bbox 110 3977 1069 4046; baseline -0.018 -2"><span class='ocrx_word' id='word_1_347' title='bbox 110 3977 170 4046; x_wconf 80' lang='lat' dir='ltr'><strong>lau</strong></span> <span class='ocrx_word' id='word_1_348' title='bbox 217 3993 378 4042; x_wconf 77' lang='lat' dir='ltr'><strong>rostris</strong></span> <span class='ocrx_word' id='word_1_349' title='bbox 421 3989 554 4040; x_wconf 79' lang='lat' dir='ltr'><strong>novus</strong></span> <span class='ocrx_word' id='word_1_350' title='bbox 596 3985 775 4038; x_wconf 79' lang='lat' dir='ltr'><strong>uxvvrrs</strong></span> <span class='ocrx_word' id='word_1_351' title='bbox 812 3983 1069 4044; x_wconf 78' lang='lat' dir='ltr'><strong>urrrnvsovrr</strong></span> 
     </span>
    </p>
   </div>
   <div class='ocr_carea' id='block_1_15' title="bbox 468 4050 1095 4198">
    <p class='ocr_par' dir='ltr' id='par_1_15' title="bbox 468 4050 1095 4198">
     <span class='ocr_line' id='line_1_44' title="bbox 468 4050 1095 4198; baseline -0.01 -79"><span class='ocrx_word' id='word_1_352' title='bbox 468 4050 686 4132; x_wconf 65' lang='lat' dir='ltr'><strong>‘ruvuuaaq</strong></span> <span class='ocrx_word' id='word_1_353' title='bbox 759 4091 763 4098; x_wconf 90' lang='lat'>·</span> <span class='ocrx_word' id='word_1_354' title='bbox 1001 4141 1095 4198; x_wconf 55' lang='lat' dir='ltr'><strong>mot</strong></span> 
     </span>
    </p>
   </div>
   <div class='ocr_carea' id='block_1_16' title="bbox 1140 2611 1147 2638">
    <p class='ocr_par' dir='ltr' id='par_1_16' title="bbox 1140 2611 1147 2638">
     <span class='ocr_line' id='line_1_45' title="bbox 1140 2611 1147 2638; baseline 0 0"><span class='ocrx_word' id='word_1_355' title='bbox 1140 2611 1147 2638; x_wconf 96' lang='grc' dir='ltr'><em>Ι</em></span> 
     </span>
    </p>
   </div>
   <div class='ocr_carea' id='block_1_17' title="bbox 0 0 1464 4742">
    <p class='ocr_par' dir='ltr' id='par_1_17' title="bbox 0 0 1464 4742">
     <span class='ocr_line' id='line_1_46' title="bbox 0 0 1464 4742; baseline 0 5"><span class='ocrx_word' id='word_1_356' title='bbox 0 0 1464 4742; x_wconf 95' lang='lat' dir='ltr'><strong> </strong></span> 
     </span>
    </p>
   </div>
  </div>
 </body>
</html>
