2917 4742
516 184 657 219 ,,,.

329 357 448 431 mr
500 304 704 431 tsssrr'ru.
730 315 1016 457 rrrtc'trnr
1045 320 1330 419 rrrrr'nr.
1365 354 1366 373 ¹

348 525 524 613 irain'stenr,
542 528 585 592 iia
598 546 671 588 vero
686 526 858 602 certamine,
880 546 912 589 et
928 548 992 594 non
1002 528 1153 593 umbratili
1166 524 1294 610 semper
1303 544 1366 591 vrat

351 631 417 687 tur,
439 630 470 672 vt
491 607 614 671 terrere'
633 605 760 671 'veritate
779 606 840 689 ipsa
861 628 891 670 et
900 630 1015 690 'cogere
1032 612 1201 675 videantur.
1233 618 1366 674 rTamet

351 695 429 760 mihi
448 694 571 774 quidem
586 693 686 766 eriam,
708 692 781 753 ilum
800 694 868 771 lego
896 692 1145 771 Demosthenem,
1165 716 1322 779 arrogans
1338 698 1366 755 il

308 826 311 831 .
352 779 491 857 Gorgiae,
512 778 750 856 et3Pr0ragorae,
759 775 1093 857 aliorumqueveterum
1102 774 1309 857 sophistarum
1319 802 1366 859 prr

351 860 436 926 sellio
450 881 515 921 non
530 858 691 929 admodum
705 852 828 919 absurda
841 878 972 938 apparet,
990 876 1048 939 qua
1061 858 1212 940 discipulis
1229 860 1294 925 suis
1310 882 1366 942 ,po

294 1015 298 1022 ¹
351 943 522 1007 licebanrur
536 938 565 1003 se
578 962 630 1001 eos
645 936 713 1006 effe.
723 937 850 1007 arresur
862 943 999 1008 ciuilium
1013 944 1263 1027 tuendarumque
1279 965 1366 1006 rerut

325 1014 329 1037 ¹
353 1028 468 1107 peritos
483 1021 720 1096 ell'eesseiluros.
739 1021 842 1091 namlli
857 1026 889 1085 id
903 1028 1075 1107 intelligere
1089 1028 1251 1105 volebant,
1273 1026 1297 1090 sr
1317 1049 1366 1104 qu

355 1112 436 1173 recle
452 1126 611 1188 praecepta
623 1108 692 1168 artis
705 1100 969 1189 fuiffertsequutus,
988 1123 1079 1191 atque
1094 1131 1134 1191 err
1147 1132 1256 1175 eorum
1273 1110 1366 1191 prael

215 1263 217 1266 ¹
318 1240 322 1252 .
354 1196 473 1257 nitione
492 1193 524 1252 in
546 1190 716 1261 ciuitatibus
738 1208 911 1268 opportune
934 1192 1176 1275 deliberationei,
1200 1212 1232 1257 et
1255 1194 1366 1269 indicit

308 1292 312 1297 ’
339 1277 513 1353 'ueletiam
525 1271 795 1333 demonstrationes
810 1272 1014 1352 pertrailalset,
1039 1278 1366 1339 eumnonrnediocret

310 1381 313 1386 ·
353 1361 478 1421 ciuilem
502 1358 641 1435 peritiam
662 1356 695 1414 in
718 1355 904 1429 orationihus
928 1354 993 1419 suisv
1009 1356 1125 1437 praese
1146 1363 1291 1432 laturum,
1316 1380 1366 1435 qut

356 1464 422 1506 non
436 1434 532 1514 videt,
552 1456 589 1518 vt,
605 1438 741 1498 omittam
763 1440 886 1499 interim
897 1441 1085 1503 inuentionis
1100 1462 1237 1522 acumen,
1261 1438 1366 1521 dispol

287 1548 291 1590 ;
356 1527 448 1589 tionis
464 1540 532 1600 apta
546 1538 715 1596 momenta,
735 1522 939 1600 eloquutionis
954 1522 1180 1601 diluciditatem,
1203 1544 1235 1589 et
1250 1527 1366 1607 grauirt

239 1664 243 1671 .
265 1617 268 1622 ⁴
357 1627 429 1682 tem,
449 1626 484 1667 ac
496 1604 621 1665 demum
633 1602 756 1667 aiilon'is
766 1600 912 1665 summam
935 1606 1009 1681 vim,
1030 1628 1089 1689 qua
1110 1626 1253 1689 tanquam
1274 1604 1366 1687 spirit

266 1735 269 1739 -
303 1698 311 1707 '
355 1688 488 1773 quodam
503 1689 618 1770 reliqua
633 1688 735 1747 omnia
754 1686 853 1749 noster
874 1688 926 1749 hie
945 1707 1044 1751 orator
1065 1694 1232 1766 animauit,
1261 1708 1366 1761 tentat

355 1770 510 1853 inscriptis
526 1769 636 1836 eiusad
652 1771 730 1831 virae
745 1759 894 1833 humanae
907 1760 1054 1842 nilione'nr
1067 1774 1293 1855 pertinentium
1316 1770 1366 1833 ser

355 1858 519 1922 tertiarum
565 1854 682 1934 copiam
721 1850 836 1929 inesse,
892 1871 923 1917 vt
961 1850 1162 1936 sapientissimi
1207 1852 1366 1939 philosoph

284 1977 288 1991 ·
317 1930 325 1943 ⁹
357 1959 488 2003 munere
500 1936 588 2017 sungi
603 1937 883 2014 rideaturltantam
906 1958 1024 1999 morum
1039 1926 1210 2016 cinitadrm,
1225 1956 1366 2003 erretur

355 2023 547 2105 publicarum
566 2019 828 2081 administrationis
857 2022 1011 2100 peritiam,
1031 2024 1112 2085 vnde
1125 2019 1199 2087 salus
1213 2020 1282 2104 ipfis
1300 2021 1366 2083 com

360 2122 500 2186 paretur,
520 2104 600 2164 vnde
615 2104 784 2181 periculum
800 2120 831 2165 et
842 2105 993 2183 pernicies
1009 2106 1198 2187 impendeat,
1221 2122 1253 2167 vt
1265 2106 1366 2171 exeiu

356 2189 502 2263 lectione,
523 2186 544 2247 sr
561 2186 626 2266 quis
639 2184 802 2265 diligenter
816 2186 964 2263 aduertat,
984 2204 1060 2265 tam,
1075 2210 1164 2271 ,pene
1178 2190 1324 2263 diremit,
1344 2202 1366 2257 at

357 2269 552 2352 retegendas
571 2268 729 2329 itrstruclur
764 2270 1070 2350 unusquisque-possit
1092 2269 1266 2347 discedere,
1286 2290 1366 2351 quan

357 2376 398 2419 ex
411 2354 518 2434 quouis
539 2352 750 2413 accuratissimo
766 2348 926 2414 historico?
945 2354 1004 2415 Sed
1018 2356 1092 2418 haec
1106 2354 1263 2429 hailenus,
1284 2354 1366 2423 nein

288 2477 290 2484 ·
356 2457 446 2520 eptut
458 2434 654 2507 existimer,li
669 2434 772 2496 laudes
788 2437 852 2496 eius
866 2434 997 2497 dicendo
1012 2436 1159 2500 illustrare
1171 2438 1273 2499 'videar
1288 2438 1366 2501 velli

292 2536 301 2547 '
325 2549 327 2558 ·
357 2524 418 2602 qui,
429 2519 558 2581 dicendo
574 2520 709 2578 omnium
724 2538 804 2597 pene
819 2520 922 2579 lauder
936 2516 1111 2583 obscurauit.
1152 2524 1234 2583 llaec
1248 2522 1333 2581 enirn
1343 2540 1366 2581 et

357 2606 399 2667 cle
417 2600 499 2663 causa
512 2602 617 2663 dirlaa
640 2620 690 2661 me
703 2596 785 2675 sunt,
805 2603 1056 2680 vteloquentirmr
1071 2606 1142 2667 licut
1155 2603 1274 2683 propria
1287 2604 1366 2671 laudt

354 2684 553 2753 fraudandam
577 2704 640 2744 non
662 2678 729 2757 else,
747 2686 789 2745 ita
811 2678 860 2745 sua
882 2702 999 2746 tantum
1021 2684 1102 2767 posse
1122 2686 1182 2749 else
1202 2704 1366 2765 contentam

339 2770 603 2834 ‘ostenderemtet
619 2771 777 2846 egregium
798 2765 877 2827 hunc
900 2788 1050 2831 oratorem
1069 2770 1183 2832 etiamsi
1197 2791 1258 2832 non
1279 2771 1366 2839 aliun

356 2857 405 2930 de,
415 2873 505 2934 quam
517 2867 626 2915 exacte
641 2850 843 2929 eloquentiae,
853 2853 978 2931 gloriam
998 2856 1027 2913 ei
1047 2856 1260 2927 attribuamus,
1281 2872 1319 2913 ex
1340 2870 1366 2925 et

354 2937 431 3010 adep
447 2937 559 2995 clarum
572 2934 773 3017 accelebrem
787 2936 868 3013 apud
888 2954 994 2996 omnes
1008 2932 1082 3011 else,
1102 2954 1133 2999 rt
1148 2938 1234 2997 aliam
1248 2934 1366 3015 leudem

357 3019 494 3101 quamuis
508 3016 633 3095 adeptus
648 3015 690 3088 lit,
705 3037 769 3080 non
792 3019 919 3079 multum
939 3036 1040 3083 tamen
1066 3018 1246 3081 defiderarit.
1292 3015 1366 3097 Cum

355 3105 464 3184 igitur,
485 3097 733 3179 praesuloptirne,
742 3099 791 3159 lric
805 3102 859 3161 tibi
866 3123 929 3161 non
937 3102 1089 3165 immerito
1103 3102 1179 3164 odeo
1195 3105 1319 3182 placeat,
1345 3118 1366 3163 rt

259 3223 263 3230 ·
342 3188 389 3248 in
402 3186 530 3250 aliorum
543 3182 634 3249 etiam
648 3185 821 3261 grauiorum
834 3184 999 3247 studiorum
1020 3186 1262 3264 occupationibus
1274 3186 1366 3267 lessio}

259 3276 266 3312 '1
357 3289 433 3332 nem
453 3269 518 3329 einr
538 3265 594 3327 tibi
606 3285 768 3343 nunquam
791 3266 1049 3331 intermittendam
1070 3264 1233 3344 censueris,
1245 3334 1249 3341 ,
1262 3266 1366 3348 pollen

357 3372 449 3435 quam
462 3342 584 3412 excusus
598 3349 658 3408 iarn
670 3347 728 3421 est,
750 3366 820 3409 eum
842 3352 896 3411 tiln
911 3351 1071 3415 dicandum
1084 3350 1173 3427 duri,
1192 3370 1224 3413 vt
1236 3346 1284 3413 sub
1308 3352 1366 3435 einp

333 3490 337 3495 .
356 3438 484 3501 nomine
499 3435 533 3494 in
549 3442 654 3493 minus
670 3430 829 3493 hominum
841 3434 1002 3513 prodiret,
1023 3436 1076 3513 qui
1090 3436 1170 3497 illius
1184 3432 1256 3497 esset
1267 3433 1366 3505 studio«,

355 3519 488 3585 fiffimns.
528 3514 718 3588 Tumetiam,
734 3532 780 3589 vt,
805 3536 873 3576 cunr
886 3536 943 3597 ego
960 3518 993 3578 in
1006 3538 1045 3579 eo
1059 3518 1237 3581 excudendo
1249 3516 1366 3598 operam]

206 3602 210 3612 '
262 3637 264 3644 ,
355 3594 1366 3680 unonullamirnpendetim,laborehocqualieunquetibioblereobl

282 3685 286 3696 “
355 3683 523 3748 seruantiae
545 3684 576 3741 in
593 3699 623 3742 re
635 3699 738 3755 meae,
758 3704 818 3759 ¹qua
833 3684 933 3745 multis
953 3687 992 3745 de'
1007 3683 1096 3745 caulis
1110 3684 1170 3743 iam
1184 3685 1235 3747 diu
1255 3702 1285 3745 te
1304 3704 1366 3765 prot

356 3764 481 3848 sequor,
501 3762 829 3846 lignilicarrdaeorculio
845 3766 918 3826 mihi
927 3769 957 3827 in
973 3762 1140 3848 praesentia
1153 3766 1277 3830 daretur.
1296 3766 1366 3839 Nam

354 3870 575 3934 praeterquam,
596 3846 676 3926 quod
694 3846 787 3908 restra
799 3848 977 3925 istallamilia
990 3868 1056 3911 tum
1069 3858 1189 3911 morum
1202 3854 1366 3931 integritate

355 3955 390 3995 ac
404 3936 547 3993 virtutum
563 3927 737 4011 splendore,
757 3930 1054 4012 tumimper'atorum,
1070 3950 1199 4009 quorum
1219 3936 1297 4015 copia
1310 3955 1366 4015 mat

287 4082 293 4095 ⁸
355 4020 439 4080 xime
456 4016 575 4091 floruit,
606 4016 706 4093 gloria
727 4032 759 4081 et
780 4034 882 4077 rerum
902 4016 1052 4097 gestorum
1069 4018 1281 4095 amplitudine,
1306 4020 1366 4087 tutrts

347 4111 349 4116 ⁴
463 4120 467 4142 ¹
897 4110 905 4136 l
942 4106 945 4112 “
987 4106 991 4112 “
1064 4104 1067 4109 ’
1143 4099 1150 4110 ’
1245 4092 1366 4167 lernau*
