<?xml version="1.0" encoding="UTF-8"?>
<!DOCTYPE html PUBLIC "-//W3C//DTD XHTML 1.0 Transitional//EN"
    "http://www.w3.org/TR/xhtml1/DTD/xhtml1-transitional.dtd">
<html xmlns="http://www.w3.org/1999/xhtml" xml:lang="en" lang="en">
 <head>
  <title>
</title>
<meta http-equiv="Content-Type" content="text/html;charset=utf-8" />
  <meta name='ocr-system' content='tesseract 3.04.00' />
  <meta name='ocr-capabilities' content='ocr_page ocr_carea ocr_par ocr_line ocrx_word'/>
</head>
<body>
  <div class='ocr_page' id='page_1' title='image "./oratorumgrcorum01reisgoog_0314.png"; bbox 0 0 2917 4742; ppageno 0'>
   <div class='ocr_carea' id='block_1_1' title="bbox 151 260 1288 443">
    <p class='ocr_par' dir='ltr' id='par_1_1' title="bbox 151 260 1288 443">
     <span class='ocr_line' id='line_1_1' title="bbox 151 260 1288 443; baseline 0.005 -36"><span class='ocrx_word' id='word_1_1' title='bbox 151 334 223 407; x_wconf 81' lang='lat' dir='ltr'>ao</span> <span class='ocrx_word' id='word_1_2' title='bbox 252 332 409 409; x_wconf 73' lang='lat' dir='ltr'>srvos</span> <span class='ocrx_word' id='word_1_3' title='bbox 445 332 731 408; x_wconf 80' lang='lat' dir='ltr'>ocraosrrc</span> <span class='ocrx_word' id='word_1_4' title='bbox 767 332 1027 443; x_wconf 71' lang='lat' dir='ltr'>surtran</span> <span class='ocrx_word' id='word_1_5' title='bbox 1082 260 1176 439; x_wconf 60' lang='lat'>115}</span> <span class='ocrx_word' id='word_1_6' title='bbox 1278 266 1288 381; x_wconf 27' lang='grc' dir='ltr'>Ι·</span> 
     </span>
    </p>
   </div>
   <div class='ocr_carea' id='block_1_2' title="bbox 141 512 1222 1095">
    <p class='ocr_par' dir='ltr' id='par_1_2' title="bbox 141 512 1222 1095">
     <span class='ocr_line' id='line_1_2' title="bbox 145 512 1173 605; baseline 0.007 -24"><span class='ocrx_word' id='word_1_7' title='bbox 145 513 383 605; x_wconf 52' lang='lat' dir='ltr'>adhiberemus</span> <span class='ocrx_word' id='word_1_8' title='bbox 393 512 520 579; x_wconf 78' lang='lat' dir='ltr'>selidtat</span> <span class='ocrx_word' id='word_1_9' title='bbox 535 534 600 581; x_wconf 92' lang='lat' dir='ltr'>non</span> <span class='ocrx_word' id='word_1_10' title='bbox 613 531 675 579; x_wconf 87' lang='lat' dir='ltr'>tam</span> <span class='ocrx_word' id='word_1_11' title='bbox 687 514 854 581; x_wconf 84' lang='lat' dir='ltr'>industriae</span> <span class='ocrx_word' id='word_1_12' title='bbox 869 536 975 595; x_wconf 83' lang='lat' dir='ltr'>mere,</span> <span class='ocrx_word' id='word_1_13' title='bbox 994 540 1084 601; x_wconf 89' lang='lat' dir='ltr'>quam</span> <span class='ocrx_word' id='word_1_14' title='bbox 1100 520 1173 589; x_wconf 87' lang='lat' dir='ltr'>libe·</span> 
     </span>
     <span class='ocr_line' id='line_1_3' title="bbox 148 594 1204 685; baseline 0.004 -22"><span class='ocrx_word' id='word_1_15' title='bbox 148 603 260 663; x_wconf 78' lang='lat' dir='ltr'>talitrti</span> <span class='ocrx_word' id='word_1_16' title='bbox 272 619 342 663; x_wconf 87' lang='lat' dir='ltr'>tuae</span> <span class='ocrx_word' id='word_1_17' title='bbox 355 599 414 661; x_wconf 89' lang='lat' dir='ltr'>erit</span> <span class='ocrx_word' id='word_1_18' title='bbox 427 594 634 661; x_wconf 83' lang='lat' dir='ltr'>adscribenda:</span> <span class='ocrx_word' id='word_1_19' title='bbox 656 609 714 681; x_wconf 80' lang='lat' dir='ltr'>qua</span> <span class='ocrx_word' id='word_1_20' title='bbox 729 600 838 664; x_wconf 78' lang='lat' dir='ltr'>fesium</span> <span class='ocrx_word' id='word_1_21' title='bbox 857 602 916 677; x_wconf 85' lang='lat' dir='ltr'>est,</span> <span class='ocrx_word' id='word_1_22' title='bbox 937 620 983 677; x_wconf 83' lang='lat' dir='ltr'>vt,</span> <span class='ocrx_word' id='word_1_23' title='bbox 1011 606 1077 685; x_wconf 90' lang='lat' dir='ltr'>plur</span> <span class='ocrx_word' id='word_1_24' title='bbox 1092 602 1172 669; x_wconf 80' lang='lat' dir='ltr'>&#39;tran-</span> <span class='ocrx_word' id='word_1_25' title='bbox 1198 658 1204 667; x_wconf 93' lang='lat'>.</span> 
     </span>
     <span class='ocr_line' id='line_1_4' title="bbox 143 680 1171 771; baseline 0.008 -25"><span class='ocrx_word' id='word_1_26' title='bbox 143 682 433 765; x_wconf 65' lang='lat' dir='ltr'>transemundus,</span> <span class='ocrx_word' id='word_1_27' title='bbox 453 680 629 760; x_wconf 79' lang='lat' dir='ltr'>expendere</span> <span class='ocrx_word' id='word_1_28' title='bbox 642 685 745 749; x_wconf 83' lang='lat' dir='ltr'>omnia</span> <span class='ocrx_word' id='word_1_29' title='bbox 766 684 941 765; x_wconf 84' lang='lat' dir='ltr'>diligentius</span> <span class='ocrx_word' id='word_1_30' title='bbox 964 702 995 747; x_wconf 86' lang='lat' dir='ltr'>et</span> <span class='ocrx_word' id='word_1_31' title='bbox 1016 682 1171 771; x_wconf 85' lang='lat' dir='ltr'>perpolire</span> 
     </span>
     <span class='ocr_line' id='line_1_5' title="bbox 144 763 1172 855; baseline 0.009 -26"><span class='ocrx_word' id='word_1_32' title='bbox 144 763 273 848; x_wconf 79' lang='lat' dir='ltr'>possem·</span> <span class='ocrx_word' id='word_1_33' title='bbox 314 764 409 842; x_wconf 83' lang='lat' dir='ltr'>Quod</span> <span class='ocrx_word' id='word_1_34' title='bbox 423 768 467 829; x_wconf 80' lang='lat' dir='ltr'>itr</span> <span class='ocrx_word' id='word_1_35' title='bbox 478 765 546 827; x_wconf 89' lang='lat' dir='ltr'>sore</span> <span class='ocrx_word' id='word_1_36' title='bbox 559 783 591 827; x_wconf 82' lang='lat' dir='ltr'>rt</span> <span class='ocrx_word' id='word_1_37' title='bbox 608 766 746 843; x_wconf 85' lang='lat' dir='ltr'>credam,</span> <span class='ocrx_word' id='word_1_38' title='bbox 762 766 1008 831; x_wconf 75' lang='lat' dir='ltr'>fortunatissimus</span> <span class='ocrx_word' id='word_1_39' title='bbox 1029 776 1102 835; x_wconf 84' lang='lat' dir='ltr'>tuus&#39;</span> <span class='ocrx_word' id='word_1_40' title='bbox 1120 794 1172 855; x_wconf 77' lang='lat' dir='ltr'>ge·</span> 
     </span>
     <span class='ocr_line' id='line_1_6' title="bbox 143 846 1174 935; baseline 0.008 -23"><span class='ocrx_word' id='word_1_41' title='bbox 143 854 217 913; x_wconf 82' lang='lat' dir='ltr'>nias</span> <span class='ocrx_word' id='word_1_42' title='bbox 240 846 351 923; x_wconf 83' lang='lat' dir='ltr'>efficrt,</span> <span class='ocrx_word' id='word_1_43' title='bbox 379 865 412 930; x_wconf 82' lang='lat' dir='ltr'>et</span> <span class='ocrx_word' id='word_1_44' title='bbox 431 848 543 911; x_wconf 83' lang='lat' dir='ltr'>uirtute</span> <span class='ocrx_word' id='word_1_45' title='bbox 566 864 658 929; x_wconf 81' lang='lat' dir='ltr'>etque</span> <span class='ocrx_word' id='word_1_46' title='bbox 678 851 804 931; x_wconf 86' lang='lat' dir='ltr'>ingenio</span> <span class='ocrx_word' id='word_1_47' title='bbox 830 851 885 912; x_wconf 90' lang='lat' dir='ltr'>tibi</span> <span class='ocrx_word' id='word_1_48' title='bbox 907 868 991 935; x_wconf 80' lang='lat' dir='ltr'>parta</span> <span class='ocrx_word' id='word_1_49' title='bbox 1009 856 1174 922; x_wconf 75' lang='lat' dir='ltr'>autoritate</span> 
     </span>
     <span class='ocr_line' id='line_1_7' title="bbox 142 928 1222 1014; baseline 0.007 -19"><span class='ocrx_word' id='word_1_50' title='bbox 142 949 277 1014; x_wconf 80' lang='lat' dir='ltr'>quarum</span> <span class='ocrx_word' id='word_1_51' title='bbox 296 948 400 995; x_wconf 88' lang='lat' dir='ltr'>rerum</span> <span class='ocrx_word' id='word_1_52' title='bbox 419 928 441 993; x_wconf 76' lang='lat' dir='ltr'><strong>fi</strong></span> <span class='ocrx_word' id='word_1_53' title='bbox 460 950 499 995; x_wconf 83' lang='lat' dir='ltr'>ex</span> <span class='ocrx_word' id='word_1_54' title='bbox 520 932 672 993; x_wconf 78' lang='lat' dir='ltr'>uberrimo</span> <span class='ocrx_word' id='word_1_55' title='bbox 694 949 746 994; x_wconf 91' lang='lat' dir='ltr'>tuo</span> <span class='ocrx_word' id='word_1_56' title='bbox 759 930 846 995; x_wconf 89' lang='lat' dir='ltr'>sonte</span> <span class='ocrx_word' id='word_1_57' title='bbox 860 936 910 997; x_wconf 89' lang='lat' dir='ltr'>vel</span> <span class='ocrx_word' id='word_1_58' title='bbox 925 951 1050 997; x_wconf 91' lang='lat' dir='ltr'>tenuem</span> <span class='ocrx_word' id='word_1_59' title='bbox 1067 938 1170 1002; x_wconf 85' lang='lat' dir='ltr'>alueo·</span> <span class='ocrx_word' id='word_1_60' title='bbox 1219 950 1222 965; x_wconf 91' lang='lat'>&#39;</span> 
     </span>
     <span class='ocr_line' id='line_1_8' title="bbox 141 1011 1169 1095; baseline 0.011 -19"><span class='ocrx_word' id='word_1_61' title='bbox 141 1019 209 1077; x_wconf 86' lang='lat' dir='ltr'>lum</span> <span class='ocrx_word' id='word_1_62' title='bbox 234 1018 270 1077; x_wconf 88' lang='lat' dir='ltr'>in</span> <span class='ocrx_word' id='word_1_63' title='bbox 300 1011 417 1076; x_wconf 85' lang='lat' dir='ltr'>n&#39;ustros</span> <span class='ocrx_word' id='word_1_64' title='bbox 439 1014 553 1095; x_wconf 81' lang='lat' dir='ltr'>agellos</span> <span class='ocrx_word' id='word_1_65' title='bbox 579 1014 741 1091; x_wconf 86' lang='lat' dir='ltr'>deriuaris,</span> <span class='ocrx_word' id='word_1_66' title='bbox 774 1016 869 1077; x_wconf 85' lang='lat' dir='ltr'>laetos</span> <span class='ocrx_word' id='word_1_67' title='bbox 894 1014 1011 1079; x_wconf 86' lang='lat' dir='ltr'>bonesti</span> <span class='ocrx_word' id='word_1_68' title='bbox 1035 1025 1169 1088; x_wconf 77' lang='lat' dir='ltr'>nominis</span> 
     </span>
    </p>
   </div>
   <div class='ocr_carea' id='block_1_3' title="bbox 139 1095 1289 1180">
    <p class='ocr_par' dir='ltr' id='par_1_3' title="bbox 139 1095 1289 1180">
     <span class='ocr_line' id='line_1_9' title="bbox 139 1095 1289 1180; baseline 0.001 -18"><span class='ocrx_word' id='word_1_69' title='bbox 139 1097 257 1162; x_wconf 72' lang='lat' dir='ltr'>fruens</span> <span class='ocrx_word' id='word_1_70' title='bbox 269 1095 431 1180; x_wconf 74' lang='lat' dir='ltr'>aliquando</span> <span class='ocrx_word' id='word_1_71' title='bbox 447 1098 663 1177; x_wconf 80' lang='lat' dir='ltr'>percipiemus.</span> <span class='ocrx_word' id='word_1_72' title='bbox 702 1096 857 1179; x_wconf 78' lang='lat' dir='ltr'>Augustae</span> <span class='ocrx_word' id='word_1_73' title='bbox 871 1098 1107 1179; x_wconf 85' lang='lat' dir='ltr'>Vindelicorum,</span> <span class='ocrx_word' id='word_1_74' title='bbox 1128 1125 1168 1171; x_wconf 73' lang='lat' dir='ltr'>ex</span> <span class='ocrx_word' id='word_1_75' title='bbox 1283 1130 1289 1151; x_wconf 61' lang='lat' dir='ltr'>t</span> 
     </span>
    </p>
   </div>
   <div class='ocr_carea' id='block_1_4' title="bbox 140 1174 1198 1265">
    <p class='ocr_par' dir='ltr' id='par_1_4' title="bbox 140 1174 1198 1265">
     <span class='ocr_line' id='line_1_10' title="bbox 140 1174 1198 1265; baseline 0.003 -20"><span class='ocrx_word' id='word_1_76' title='bbox 140 1182 403 1262; x_wconf 67' lang='lat' dir='ltr'>bibliothecam</span> <span class='ocrx_word' id='word_1_77' title='bbox 441 1179 544 1243; x_wconf 84' lang='lat' dir='ltr'>Idibus</span> <span class='ocrx_word' id='word_1_78' title='bbox 558 1178 701 1263; x_wconf 71' lang='lat' dir='ltr'>Augusti,</span> <span class='ocrx_word' id='word_1_79' title='bbox 720 1182 912 1244; x_wconf 83' lang='lat' dir='ltr'>natolinteo:</span> <span class='ocrx_word' id='word_1_80' title='bbox 928 1184 1019 1245; x_wconf 83' lang='lat' dir='ltr'>Anno</span> <span class='ocrx_word' id='word_1_81' title='bbox 1038 1198 1126 1265; x_wconf 76' lang='lat'><em>1553.</em></span> <span class='ocrx_word' id='word_1_82' title='bbox 1195 1174 1198 1185; x_wconf 75' lang='grc'><strong>’</strong></span> 
     </span>
    </p>
   </div>
   <div class='ocr_carea' id='block_1_5' title="bbox 123 1394 1300 1701">
    <p class='ocr_par' dir='ltr' id='par_1_5' title="bbox 123 1394 1300 1701">
     <span class='ocr_line' id='line_1_11' title="bbox 163 1394 1038 1473; baseline 0 0"><span class='ocrx_word' id='word_1_83' title='bbox 163 1394 168 1405; x_wconf 76' lang='grc'><strong>“</strong></span> <span class='ocrx_word' id='word_1_84' title='bbox 264 1399 691 1473; x_wconf 77' lang='lat' dir='ltr'>HIERONYMVS</span> <span class='ocrx_word' id='word_1_85' title='bbox 751 1400 1038 1473; x_wconf 83' lang='lat' dir='ltr'>WOLFIVS</span> 
     </span>
     <span class='ocr_line' id='line_1_12' title="bbox 123 1483 1300 1673; baseline 0.002 -93"><span class='ocrx_word' id='word_1_86' title='bbox 123 1504 304 1581; x_wconf 64' lang='lat' dir='ltr'>‚Hennes</span> <span class='ocrx_word' id='word_1_87' title='bbox 330 1483 709 1673; x_wconf 43' lang='lat' dir='ltr'>traunpbilosofhiae</span> <span class='ocrx_word' id='word_1_88' title='bbox 734 1516 771 1573; x_wconf 79' lang='lat' dir='ltr'>et</span> <span class='ocrx_word' id='word_1_89' title='bbox 801 1500 988 1575; x_wconf 75' lang='lat' dir='ltr'>medicinae</span> <span class='ocrx_word' id='word_1_90' title='bbox 1011 1500 1167 1601; x_wconf 76' lang='lat' dir='ltr'>Dollori,</span> <span class='ocrx_word' id='word_1_91' title='bbox 1200 1540 1205 1553; x_wconf 90' lang='lat'><strong>·</strong></span> <span class='ocrx_word' id='word_1_92' title='bbox 1296 1613 1300 1628; x_wconf 41' lang='grc' dir='ltr'>Ι</span> 
     </span>
     <span class='ocr_line' id='line_1_13' title="bbox 379 1600 928 1701; baseline 0.007 -26"><span class='ocrx_word' id='word_1_93' title='bbox 379 1602 622 1697; x_wconf 82' lang='lat' dir='ltr'>Nonbergenr</span> <span class='ocrx_word' id='word_1_94' title='bbox 639 1600 790 1701; x_wconf 84' lang='lat' dir='ltr'>Physrro.</span> <span class='ocrx_word' id='word_1_95' title='bbox 838 1626 864 1677; x_wconf 81' lang='lat' dir='ltr'>a.</span> <span class='ocrx_word' id='word_1_96' title='bbox 892 1632 928 1679; x_wconf 87' lang='lat' dir='ltr'>o.</span> 
     </span>
    </p>
   </div>
   <div class='ocr_carea' id='block_1_6' title="bbox 132 1698 1236 2592">
    <p class='ocr_par' dir='ltr' id='par_1_6' title="bbox 132 1698 1236 2592">
     <span class='ocr_line' id='line_1_14' title="bbox 135 1698 1211 1909; baseline 0.012 -12"><span class='ocrx_word' id='word_1_97' title='bbox 135 1698 1167 1911; x_wconf 62' lang='lat' dir='ltr'>snamotmunt:s</span> <span class='ocrx_word' id='word_1_98' title='bbox 1206 1747 1211 1757; x_wconf 83' lang='lat'>&#39;</span> 
     </span>
     <span class='ocr_line' id='line_1_15' title="bbox 136 1892 1186 2013; baseline 0.003 -22"><span class='ocrx_word' id='word_1_99' title='bbox 136 1924 195 1991; x_wconf 80' lang='lat' dir='ltr'>effe</span> <span class='ocrx_word' id='word_1_100' title='bbox 208 1928 302 1992; x_wconf 80' lang='lat' dir='ltr'>duxi:</span> <span class='ocrx_word' id='word_1_101' title='bbox 323 1919 356 1991; x_wconf 81' lang='lat' dir='ltr'>rt</span> <span class='ocrx_word' id='word_1_102' title='bbox 371 1892 410 1991; x_wconf 73' lang='lat' dir='ltr'>rix</span> <span class='ocrx_word' id='word_1_103' title='bbox 424 1946 455 1992; x_wconf 91' lang='lat' dir='ltr'>te</span> <span class='ocrx_word' id='word_1_104' title='bbox 469 1892 584 2011; x_wconf 82' lang='lat' dir='ltr'>poiius,</span> <span class='ocrx_word' id='word_1_105' title='bbox 605 1947 637 1992; x_wconf 84' lang='lat' dir='ltr'>rt</span> <span class='ocrx_word' id='word_1_106' title='bbox 649 1928 779 2000; x_wconf 79' lang='lat' dir='ltr'>candido</span> <span class='ocrx_word' id='word_1_107' title='bbox 797 1946 827 1991; x_wconf 90' lang='lat' dir='ltr'>et</span> <span class='ocrx_word' id='word_1_108' title='bbox 840 1926 945 1993; x_wconf 90' lang='lat' dir='ltr'>seuero</span> <span class='ocrx_word' id='word_1_109' title='bbox 959 1930 1067 2001; x_wconf 86' lang='lat' dir='ltr'>iudice,</span> <span class='ocrx_word' id='word_1_110' title='bbox 1090 1930 1164 2013; x_wconf 87' lang='lat' dir='ltr'>quid</span> <span class='ocrx_word' id='word_1_111' title='bbox 1183 1933 1186 1948; x_wconf 89' lang='lat'>&#39;</span> 
     </span>
     <span class='ocr_line' id='line_1_16' title="bbox 134 2012 1201 2093; baseline 0.005 -20"><span class='ocrx_word' id='word_1_112' title='bbox 134 2015 166 2073; x_wconf 89' lang='lat' dir='ltr'>in</span> <span class='ocrx_word' id='word_1_113' title='bbox 181 2013 245 2075; x_wconf 87' lang='lat' dir='ltr'>boc</span> <span class='ocrx_word' id='word_1_114' title='bbox 257 2029 370 2075; x_wconf 83' lang='lat' dir='ltr'>conatu</span> <span class='ocrx_word' id='word_1_115' title='bbox 384 2032 454 2075; x_wconf 87' lang='lat' dir='ltr'>meo</span> <span class='ocrx_word' id='word_1_116' title='bbox 467 2014 517 2074; x_wconf 82' lang='lat' dir='ltr'>vel</span> <span class='ocrx_word' id='word_1_117' title='bbox 531 2012 683 2093; x_wconf 75' lang='lat' dir='ltr'>probares,</span> <span class='ocrx_word' id='word_1_118' title='bbox 699 2014 748 2073; x_wconf 80' lang='lat' dir='ltr'>vel</span> <span class='ocrx_word' id='word_1_119' title='bbox 761 2013 956 2091; x_wconf 71' lang='lat' dir='ltr'>improbares,</span> <span class='ocrx_word' id='word_1_120' title='bbox 971 2032 1060 2093; x_wconf 80' lang='lat' dir='ltr'>quem</span> <span class='ocrx_word' id='word_1_121' title='bbox 1068 2032 1118 2077; x_wconf 89' lang='lat' dir='ltr'>aut</span> <span class='ocrx_word' id='word_1_122' title='bbox 1125 2034 1166 2077; x_wconf 87' lang='lat' dir='ltr'>ex</span> <span class='ocrx_word' id='word_1_123' title='bbox 1192 2072 1201 2083; x_wconf 78' lang='grc'><strong><em>,</em></strong></span> 
     </span>
     <span class='ocr_line' id='line_1_17' title="bbox 132 2092 1163 2169; baseline 0.002 -12"><span class='ocrx_word' id='word_1_124' title='bbox 132 2096 386 2159; x_wconf 76' lang='lat' dir='ltr'>obneetrroriboa</span> <span class='ocrx_word' id='word_1_125' title='bbox 400 2097 519 2159; x_wconf 84' lang='lat' dir='ltr'>alienae</span> <span class='ocrx_word' id='word_1_126' title='bbox 531 2094 627 2157; x_wconf 86' lang='lat' dir='ltr'>lrudis</span> <span class='ocrx_word' id='word_1_127' title='bbox 640 2114 671 2157; x_wconf 88' lang='lat' dir='ltr'>er</span> <span class='ocrx_word' id='word_1_128' title='bbox 685 2094 864 2169; x_wconf 86' lang='lat' dir='ltr'>induslriae,</span> <span class='ocrx_word' id='word_1_129' title='bbox 884 2112 935 2157; x_wconf 86' lang='lat' dir='ltr'>aut</span> <span class='ocrx_word' id='word_1_130' title='bbox 950 2116 989 2156; x_wconf 87' lang='lat' dir='ltr'>ex</span> <span class='ocrx_word' id='word_1_131' title='bbox 1006 2092 1163 2159; x_wconf 85' lang='lat' dir='ltr'>assentato-</span> 
     </span>
     <span class='ocr_line' id='line_1_18' title="bbox 133 2173 1166 2259; baseline 0.004 -20"><span class='ocrx_word' id='word_1_132' title='bbox 133 2180 237 2254; x_wconf 85' lang='lat' dir='ltr'>ribus,</span> <span class='ocrx_word' id='word_1_133' title='bbox 258 2175 412 2259; x_wconf 86' lang='lat' dir='ltr'>(quorum</span> <span class='ocrx_word' id='word_1_134' title='bbox 428 2178 487 2240; x_wconf 78' lang='lat' dir='ltr'>vrri</span> <span class='ocrx_word' id='word_1_135' title='bbox 507 2178 693 2241; x_wconf 74' lang='lat' dir='ltr'>molestiores</span> <span class='ocrx_word' id='word_1_136' title='bbox 708 2178 782 2239; x_wconf 92' lang='lat' dir='ltr'>mihi</span> <span class='ocrx_word' id='word_1_137' title='bbox 799 2175 870 2255; x_wconf 87' lang='lat' dir='ltr'>srnt,</span> <span class='ocrx_word' id='word_1_138' title='bbox 888 2173 969 2239; x_wconf 84' lang='lat' dir='ltr'>haud</span> <span class='ocrx_word' id='word_1_139' title='bbox 980 2174 1069 2241; x_wconf 80' lang='lat' dir='ltr'>sacile</span> <span class='ocrx_word' id='word_1_140' title='bbox 1081 2180 1166 2243; x_wconf 80' lang='lat' dir='ltr'>dixe-</span> 
     </span>
     <span class='ocr_line' id='line_1_19' title="bbox 134 2258 1163 2343; baseline 0.002 -20"><span class='ocrx_word' id='word_1_141' title='bbox 134 2258 214 2337; x_wconf 88' lang='lat' dir='ltr'>rim)</span> <span class='ocrx_word' id='word_1_142' title='bbox 228 2280 348 2324; x_wconf 80' lang='lat' dir='ltr'>rnamre</span> <span class='ocrx_word' id='word_1_143' title='bbox 362 2258 590 2343; x_wconf 79' lang='lat' dir='ltr'>cognoscerem,</span> <span class='ocrx_word' id='word_1_144' title='bbox 609 2278 649 2338; x_wconf 88' lang='lat' dir='ltr'>et,</span> <span class='ocrx_word' id='word_1_145' title='bbox 671 2282 726 2342; x_wconf 91' lang='lat' dir='ltr'>pro</span> <span class='ocrx_word' id='word_1_146' title='bbox 740 2262 820 2323; x_wconf 84' lang='lat' dir='ltr'>virili</span> <span class='ocrx_word' id='word_1_147' title='bbox 834 2262 882 2321; x_wconf 83' lang='lat' dir='ltr'>vel</span> <span class='ocrx_word' id='word_1_148' title='bbox 895 2258 1097 2341; x_wconf 77' lang='lat' dir='ltr'>praetermissa</span> <span class='ocrx_word' id='word_1_149' title='bbox 1111 2264 1163 2325; x_wconf 90' lang='lat' dir='ltr'>ad·</span> 
     </span>
     <span class='ocr_line' id='line_1_20' title="bbox 134 2338 1165 2427; baseline 0.002 -20"><span class='ocrx_word' id='word_1_150' title='bbox 134 2344 286 2421; x_wconf 73' lang='lat' dir='ltr'>iicerem,</span> <span class='ocrx_word' id='word_1_151' title='bbox 298 2347 348 2406; x_wconf 83' lang='lat' dir='ltr'>uel</span> <span class='ocrx_word' id='word_1_152' title='bbox 360 2341 543 2426; x_wconf 84' lang='lat' dir='ltr'>superuacua</span> <span class='ocrx_word' id='word_1_153' title='bbox 557 2338 736 2419; x_wconf 87' lang='lat' dir='ltr'>resecarem,</span> <span class='ocrx_word' id='word_1_154' title='bbox 754 2346 805 2407; x_wconf 88' lang='lat' dir='ltr'>vel</span> <span class='ocrx_word' id='word_1_155' title='bbox 818 2344 916 2405; x_wconf 85' lang='lat' dir='ltr'>minus</span> <span class='ocrx_word' id='word_1_156' title='bbox 933 2338 1012 2405; x_wconf 84' lang='lat' dir='ltr'>belin</span> <span class='ocrx_word' id='word_1_157' title='bbox 1033 2348 1165 2427; x_wconf 82' lang='lat' dir='ltr'>corrige·</span> 
     </span>
     <span class='ocr_line' id='line_1_21' title="bbox 135 2424 1164 2509; baseline 0.001 -19"><span class='ocrx_word' id='word_1_158' title='bbox 135 2448 219 2504; x_wconf 86' lang='lat' dir='ltr'>rem,</span> <span class='ocrx_word' id='word_1_159' title='bbox 243 2446 335 2508; x_wconf 81' lang='lat' dir='ltr'>atque</span> <span class='ocrx_word' id='word_1_160' title='bbox 355 2424 477 2491; x_wconf 84' lang='lat' dir='ltr'>confusa</span> <span class='ocrx_word' id='word_1_161' title='bbox 495 2429 528 2489; x_wconf 84' lang='lat' dir='ltr'>in</span> <span class='ocrx_word' id='word_1_162' title='bbox 549 2438 666 2491; x_wconf 80' lang='lat' dir='ltr'>certum</span> <span class='ocrx_word' id='word_1_163' title='bbox 681 2426 820 2489; x_wconf 90' lang='lat' dir='ltr'>ordinem</span> <span class='ocrx_word' id='word_1_164' title='bbox 833 2426 1012 2509; x_wconf 82' lang='lat' dir='ltr'>redigerem.</span> <span class='ocrx_word' id='word_1_165' title='bbox 1051 2430 1164 2508; x_wconf 84' lang='lat' dir='ltr'>Neque</span> 
     </span>
     <span class='ocr_line' id='line_1_22' title="bbox 135 2507 1236 2592; baseline -0.002 -19"><span class='ocrx_word' id='word_1_166' title='bbox 135 2514 222 2573; x_wconf 86' lang='lat' dir='ltr'>enim</span> <span class='ocrx_word' id='word_1_167' title='bbox 234 2513 261 2572; x_wconf 81' lang='lat' dir='ltr'>is</span> <span class='ocrx_word' id='word_1_168' title='bbox 275 2530 335 2592; x_wconf 80' lang='lat' dir='ltr'>ego</span> <span class='ocrx_word' id='word_1_169' title='bbox 348 2507 427 2587; x_wconf 88' lang='lat' dir='ltr'>sum,</span> <span class='ocrx_word' id='word_1_170' title='bbox 449 2512 502 2591; x_wconf 89' lang='lat' dir='ltr'>qui</span> <span class='ocrx_word' id='word_1_171' title='bbox 516 2512 557 2573; x_wconf 82' lang='lat' dir='ltr'>ite</span> <span class='ocrx_word' id='word_1_172' title='bbox 569 2510 645 2571; x_wconf 90' lang='lat' dir='ltr'>mibi</span> <span class='ocrx_word' id='word_1_173' title='bbox 658 2512 809 2591; x_wconf 77' lang='lat' dir='ltr'>placeam,</span> <span class='ocrx_word' id='word_1_174' title='bbox 830 2527 877 2585; x_wconf 82' lang='lat' dir='ltr'>vt,</span> <span class='ocrx_word' id='word_1_175' title='bbox 898 2508 970 2589; x_wconf 91' lang='lat' dir='ltr'>quid</span> <span class='ocrx_word' id='word_1_176' title='bbox 986 2510 1036 2571; x_wconf 86' lang='lat' dir='ltr'>alii</span> <span class='ocrx_word' id='word_1_177' title='bbox 1050 2510 1089 2571; x_wconf 88' lang='lat' dir='ltr'>de</span> <span class='ocrx_word' id='word_1_178' title='bbox 1112 2530 1163 2572; x_wconf 87' lang='lat' dir='ltr'>me</span> <span class='ocrx_word' id='word_1_179' title='bbox 1229 2536 1236 2551; x_wconf 84' lang='lat'>·</span> 
     </span>
    </p>
   </div>
   <div class='ocr_carea' id='block_1_7' title="bbox 137 2589 1263 2675">
    <p class='ocr_par' dir='ltr' id='par_1_7' title="bbox 137 2589 1263 2675">
     <span class='ocr_line' id='line_1_23' title="bbox 137 2589 1263 2675; baseline 0 -18"><span class='ocrx_word' id='word_1_180' title='bbox 137 2592 289 2670; x_wconf 81' lang='lat' dir='ltr'>sentiant,</span> <span class='ocrx_word' id='word_1_181' title='bbox 303 2591 412 2673; x_wconf 87' lang='lat' dir='ltr'>suaque</span> <span class='ocrx_word' id='word_1_182' title='bbox 425 2592 525 2675; x_wconf 82' lang='lat' dir='ltr'>deque</span> <span class='ocrx_word' id='word_1_183' title='bbox 537 2592 649 2657; x_wconf 86' lang='lat' dir='ltr'>seram:</span> <span class='ocrx_word' id='word_1_184' title='bbox 668 2589 766 2656; x_wconf 89' lang='lat' dir='ltr'>sedet</span> <span class='ocrx_word' id='word_1_185' title='bbox 785 2592 1023 2654; x_wconf 85' lang='lat' dir='ltr'>imbecillitatem</span> <span class='ocrx_word' id='word_1_186' title='bbox 1043 2594 1164 2671; x_wconf 77' lang='lat' dir='ltr'>ingenii</span> <span class='ocrx_word' id='word_1_187' title='bbox 1255 2616 1263 2633; x_wconf 68' lang='lat'>⁵</span> 
     </span>
    </p>
   </div>
   <div class='ocr_carea' id='block_1_8' title="bbox 135 2672 1163 2759">
    <p class='ocr_par' dir='ltr' id='par_1_8' title="bbox 135 2672 1163 2759">
     <span class='ocr_line' id='line_1_24' title="bbox 135 2672 1163 2759; baseline 0.003 -21"><span class='ocrx_word' id='word_1_188' title='bbox 135 2680 215 2754; x_wconf 86' lang='lat' dir='ltr'>mei,</span> <span class='ocrx_word' id='word_1_189' title='bbox 237 2678 453 2759; x_wconf 67' lang='lat' dir='ltr'>doctrinaeque</span> <span class='ocrx_word' id='word_1_190' title='bbox 466 2678 645 2739; x_wconf 81' lang='lat' dir='ltr'>tenuitatem</span> <span class='ocrx_word' id='word_1_191' title='bbox 657 2672 722 2738; x_wconf 82' lang='lat' dir='ltr'>satis</span> <span class='ocrx_word' id='word_1_192' title='bbox 735 2672 877 2756; x_wconf 82' lang='lat' dir='ltr'>agnosco:</span> <span class='ocrx_word' id='word_1_193' title='bbox 899 2694 930 2737; x_wconf 90' lang='lat' dir='ltr'>et</span> <span class='ocrx_word' id='word_1_194' title='bbox 949 2677 982 2737; x_wconf 88' lang='lat' dir='ltr'>in</span> <span class='ocrx_word' id='word_1_195' title='bbox 1004 2672 1163 2741; x_wconf 78' lang='lat' dir='ltr'>sententiis</span> 
     </span>
    </p>
   </div>
   <div class='ocr_carea' id='block_1_9' title="bbox 135 2758 1327 2841">
    <p class='ocr_par' dir='ltr' id='par_1_9' title="bbox 135 2758 1327 2841">
     <span class='ocr_line' id='line_1_25' title="bbox 135 2758 1327 2841; baseline -0.002 -19"><span class='ocrx_word' id='word_1_196' title='bbox 135 2780 263 2837; x_wconf 88' lang='lat' dir='ltr'>eorum,</span> <span class='ocrx_word' id='word_1_197' title='bbox 297 2760 352 2841; x_wconf 88' lang='lat' dir='ltr'>qui</span> <span class='ocrx_word' id='word_1_198' title='bbox 369 2760 487 2821; x_wconf 83' lang='lat' dir='ltr'>&#39;acutius</span> <span class='ocrx_word' id='word_1_199' title='bbox 511 2760 617 2821; x_wconf 80' lang='lat' dir='ltr'>rident</span> <span class='ocrx_word' id='word_1_200' title='bbox 634 2778 669 2821; x_wconf 88' lang='lat' dir='ltr'>ac</span> <span class='ocrx_word' id='word_1_201' title='bbox 688 2761 795 2820; x_wconf 68' lang='lat' dir='ltr'>rerlius</span> <span class='ocrx_word' id='word_1_202' title='bbox 813 2758 960 2835; x_wconf 79' lang='lat' dir='ltr'>iudicant,</span> <span class='ocrx_word' id='word_1_203' title='bbox 995 2758 1094 2819; x_wconf 86' lang='lat' dir='ltr'>libens</span> <span class='ocrx_word' id='word_1_204' title='bbox 1116 2780 1161 2819; x_wconf 89' lang='lat' dir='ltr'>ac·</span> <span class='ocrx_word' id='word_1_205' title='bbox 1251 2782 1256 2787; x_wconf 94' lang='lat'>·</span> <span class='ocrx_word' id='word_1_206' title='bbox 1315 2794 1327 2820; x_wconf 41' lang='grc' dir='ltr'>κ</span> 
     </span>
    </p>
   </div>
   <div class='ocr_carea' id='block_1_10' title="bbox 135 2836 1164 3171">
    <p class='ocr_par' dir='ltr' id='par_1_10' title="bbox 135 2836 1164 3171">
     <span class='ocr_line' id='line_1_26' title="bbox 135 2836 1161 2925; baseline -0.002 -21"><span class='ocrx_word' id='word_1_207' title='bbox 135 2838 269 2925; x_wconf 80' lang='lat' dir='ltr'>quiesco.</span> <span class='ocrx_word' id='word_1_208' title='bbox 308 2841 369 2903; x_wconf 74' lang='lat' dir='ltr'>Em</span> <span class='ocrx_word' id='word_1_209' title='bbox 381 2843 466 2907; x_wconf 87' lang='lat' dir='ltr'>euim</span> <span class='ocrx_word' id='word_1_210' title='bbox 474 2862 530 2905; x_wconf 85' lang='lat' dir='ltr'>me</span> <span class='ocrx_word' id='word_1_211' title='bbox 543 2862 638 2904; x_wconf 85' lang='lat' dir='ltr'>vnum</span> <span class='ocrx_word' id='word_1_212' title='bbox 659 2836 718 2918; x_wconf 80' lang='lat' dir='ltr'>&lt;vt</span> <span class='ocrx_word' id='word_1_213' title='bbox 729 2840 789 2903; x_wconf 88' lang='lat' dir='ltr'>sert</span> <span class='ocrx_word' id='word_1_214' title='bbox 804 2860 910 2903; x_wconf 84' lang='lat' dir='ltr'>natura</span> <span class='ocrx_word' id='word_1_215' title='bbox 931 2842 1070 2913; x_wconf 85' lang='lat' dir='ltr'>omnibus</span> <span class='ocrx_word' id='word_1_216' title='bbox 1092 2840 1161 2903; x_wconf 81' lang='lat' dir='ltr'>infi-</span> 
     </span>
     <span class='ocr_line' id='line_1_27' title="bbox 137 2916 1164 3006; baseline 0.001 -19"><span class='ocrx_word' id='word_1_217' title='bbox 137 2943 208 3003; x_wconf 77' lang='lat' dir='ltr'>tus,</span> <span class='ocrx_word' id='word_1_218' title='bbox 224 2943 291 2987; x_wconf 91' lang='lat' dir='ltr'>non</span> <span class='ocrx_word' id='word_1_219' title='bbox 305 2943 413 2987; x_wconf 85' lang='lat' dir='ltr'>coecus</span> <span class='ocrx_word' id='word_1_220' title='bbox 427 2926 535 3006; x_wconf 80' lang='lat' dir='ltr'>magis,</span> <span class='ocrx_word' id='word_1_221' title='bbox 556 2945 647 3005; x_wconf 85' lang='lat' dir='ltr'>quam</span> <span class='ocrx_word' id='word_1_222' title='bbox 668 2945 778 3005; x_wconf 87' lang='lat' dir='ltr'>prauus</span> <span class='ocrx_word' id='word_1_223' title='bbox 798 2938 884 2990; x_wconf 85' lang='lat' dir='ltr'>amur</span> <span class='ocrx_word' id='word_1_224' title='bbox 905 2920 969 2999; x_wconf 91' lang='lat' dir='ltr'>sui)</span> <span class='ocrx_word' id='word_1_225' title='bbox 992 2916 1164 3005; x_wconf 81' lang='lat' dir='ltr'>perspicere</span> 
     </span>
     <span class='ocr_line' id='line_1_28' title="bbox 136 3001 1161 3079; baseline -0.002 -8"><span class='ocrx_word' id='word_1_226' title='bbox 136 3012 243 3071; x_wconf 88' lang='lat' dir='ltr'>omnia</span> <span class='ocrx_word' id='word_1_227' title='bbox 255 3026 289 3070; x_wconf 88' lang='lat' dir='ltr'>er</span> <span class='ocrx_word' id='word_1_228' title='bbox 301 3010 456 3070; x_wconf 84' lang='lat' dir='ltr'>collimare</span> <span class='ocrx_word' id='word_1_229' title='bbox 470 3009 599 3071; x_wconf 78' lang='lat' dir='ltr'>maxime</span> <span class='ocrx_word' id='word_1_230' title='bbox 614 3009 742 3070; x_wconf 83' lang='lat' dir='ltr'>vellemt</span> <span class='ocrx_word' id='word_1_231' title='bbox 764 3024 873 3079; x_wconf 84' lang='lat' dir='ltr'>tamen,</span> <span class='ocrx_word' id='word_1_232' title='bbox 889 3026 958 3069; x_wconf 88' lang='lat' dir='ltr'>cum</span> <span class='ocrx_word' id='word_1_233' title='bbox 975 3001 1104 3069; x_wconf 90' lang='lat' dir='ltr'>summos</span> <span class='ocrx_word' id='word_1_234' title='bbox 1120 3010 1161 3069; x_wconf 81' lang='lat' dir='ltr'>ri-</span> 
     </span>
     <span class='ocr_line' id='line_1_29' title="bbox 137 3090 1160 3171; baseline -0.001 -16"><span class='ocrx_word' id='word_1_235' title='bbox 137 3114 184 3155; x_wconf 89' lang='lat' dir='ltr'>ros</span> <span class='ocrx_word' id='word_1_236' title='bbox 199 3111 234 3155; x_wconf 87' lang='lat' dir='ltr'>et</span> <span class='ocrx_word' id='word_1_237' title='bbox 248 3094 362 3154; x_wconf 76' lang='lat' dir='ltr'>veteris</span> <span class='ocrx_word' id='word_1_238' title='bbox 374 3110 409 3154; x_wconf 89' lang='lat' dir='ltr'>et</span> <span class='ocrx_word' id='word_1_239' title='bbox 421 3090 540 3153; x_wconf 87' lang='lat' dir='ltr'>nostrae</span> <span class='ocrx_word' id='word_1_240' title='bbox 546 3092 731 3165; x_wconf 79' lang='lat' dir='ltr'>memoriae,</span> <span class='ocrx_word' id='word_1_241' title='bbox 752 3112 769 3153; x_wconf 89' lang='lat' dir='ltr'>a</span> <span class='ocrx_word' id='word_1_242' title='bbox 783 3092 918 3171; x_wconf 88' lang='lat' dir='ltr'>plurimis</span> <span class='ocrx_word' id='word_1_243' title='bbox 931 3108 962 3153; x_wconf 93' lang='lat' dir='ltr'>et</span> <span class='ocrx_word' id='word_1_244' title='bbox 975 3090 1111 3171; x_wconf 90' lang='lat' dir='ltr'>pluribus</span> <span class='ocrx_word' id='word_1_245' title='bbox 1125 3092 1160 3153; x_wconf 84' lang='lat' dir='ltr'>in</span> 
     </span>
    </p>
   </div>
   <div class='ocr_carea' id='block_1_11' title="bbox 138 3172 1284 3270">
    <p class='ocr_par' dir='ltr' id='par_1_11' title="bbox 138 3172 1284 3270">
     <span class='ocr_line' id='line_1_30' title="bbox 138 3172 1284 3270; baseline -0.002 -33"><span class='ocrx_word' id='word_1_246' title='bbox 138 3177 210 3238; x_wconf 83' lang='lat' dir='ltr'>locis</span> <span class='ocrx_word' id='word_1_247' title='bbox 228 3174 416 3254; x_wconf 86' lang='lat' dir='ltr'>reprehendi</span> <span class='ocrx_word' id='word_1_248' title='bbox 429 3174 562 3251; x_wconf 84' lang='lat' dir='ltr'>videam,</span> <span class='ocrx_word' id='word_1_249' title='bbox 581 3172 742 3235; x_wconf 76' lang='lat' dir='ltr'>admoneri</span> <span class='ocrx_word' id='word_1_250' title='bbox 755 3193 805 3234; x_wconf 91' lang='lat' dir='ltr'>me</span> <span class='ocrx_word' id='word_1_251' title='bbox 819 3175 854 3235; x_wconf 92' lang='lat' dir='ltr'>ab</span> <span class='ocrx_word' id='word_1_252' title='bbox 867 3172 1029 3255; x_wconf 75' lang='lat' dir='ltr'>ingeniolis</span> <span class='ocrx_word' id='word_1_253' title='bbox 1044 3190 1076 3234; x_wconf 91' lang='lat' dir='ltr'>et</span> <span class='ocrx_word' id='word_1_254' title='bbox 1091 3194 1159 3235; x_wconf 89' lang='lat' dir='ltr'>eru·</span> <span class='ocrx_word' id='word_1_255' title='bbox 1227 3200 1230 3206; x_wconf 59' lang='lat'><strong><em>¹</em></strong></span> <span class='ocrx_word' id='word_1_256' title='bbox 1275 3258 1284 3270; x_wconf 78' lang='lat'>,</span> 
     </span>
    </p>
   </div>
   <div class='ocr_carea' id='block_1_12' title="bbox 136 3246 1194 3671">
    <p class='ocr_par' dir='ltr' id='par_1_12' title="bbox 136 3246 1194 3671">
     <span class='ocr_line' id='line_1_31' title="bbox 137 3246 1161 3331; baseline -0.006 -10"><span class='ocrx_word' id='word_1_257' title='bbox 137 3258 205 3321; x_wconf 86' lang='lat' dir='ltr'>ditis</span> <span class='ocrx_word' id='word_1_258' title='bbox 228 3259 407 3321; x_wconf 88' lang='lat' dir='ltr'>bominibus</span> <span class='ocrx_word' id='word_1_259' title='bbox 427 3259 525 3322; x_wconf 90' lang='lat' dir='ltr'>multo</span> <span class='ocrx_word' id='word_1_260' title='bbox 544 3274 576 3320; x_wconf 90' lang='lat' dir='ltr'>et</span> <span class='ocrx_word' id='word_1_261' title='bbox 601 3256 755 3319; x_wconf 84' lang='lat' dir='ltr'>honestius</span> <span class='ocrx_word' id='word_1_262' title='bbox 782 3274 815 3318; x_wconf 88' lang='lat' dir='ltr'>et</span> <span class='ocrx_word' id='word_1_263' title='bbox 834 3258 935 3318; x_wconf 75' lang='lat' dir='ltr'>utilius</span> <span class='ocrx_word' id='word_1_264' title='bbox 960 3252 1021 3317; x_wconf 83' lang='lat' dir='ltr'>esse</span> <span class='ocrx_word' id='word_1_265' title='bbox 1047 3246 1161 3331; x_wconf 85' lang='lat' dir='ltr'>iudico,</span> 
     </span>
     <span class='ocr_line' id='line_1_32' title="bbox 137 3336 1194 3423; baseline -0.004 -20"><span class='ocrx_word' id='word_1_266' title='bbox 137 3360 228 3423; x_wconf 84' lang='lat' dir='ltr'>quam</span> <span class='ocrx_word' id='word_1_267' title='bbox 239 3340 279 3403; x_wconf 84' lang='lat' dir='ltr'>ab</span> <span class='ocrx_word' id='word_1_268' title='bbox 291 3341 404 3403; x_wconf 81' lang='lat' dir='ltr'>inuidis</span> <span class='ocrx_word' id='word_1_269' title='bbox 419 3358 451 3403; x_wconf 92' lang='lat' dir='ltr'>et</span> <span class='ocrx_word' id='word_1_270' title='bbox 462 3340 585 3406; x_wconf 86' lang='lat' dir='ltr'>morosas</span> <span class='ocrx_word' id='word_1_271' title='bbox 605 3336 776 3403; x_wconf 82' lang='lat' dir='ltr'>censoribus</span> <span class='ocrx_word' id='word_1_272' title='bbox 800 3340 1017 3418; x_wconf 68' lang='lat' dir='ltr'>Hipponatleis</span> <span class='ocrx_word' id='word_1_273' title='bbox 1038 3336 1171 3419; x_wconf 52' lang='lat' dir='ltr'>praeco?</span> <span class='ocrx_word' id='word_1_274' title='bbox 1189 3374 1194 3387; x_wconf 90' lang='lat'><em>·</em></span> 
     </span>
     <span class='ocr_line' id='line_1_33' title="bbox 136 3418 1154 3506; baseline -0.002 -19"><span class='ocrx_word' id='word_1_275' title='bbox 136 3427 194 3487; x_wconf 82' lang='lat' dir='ltr'>niis</span> <span class='ocrx_word' id='word_1_276' title='bbox 205 3426 364 3489; x_wconf 86' lang='lat' dir='ltr'>celebrari.</span> <span class='ocrx_word' id='word_1_277' title='bbox 392 3426 432 3485; x_wconf 88' lang='lat' dir='ltr'>In</span> <span class='ocrx_word' id='word_1_278' title='bbox 448 3444 509 3505; x_wconf 92' lang='lat' dir='ltr'>quo</span> <span class='ocrx_word' id='word_1_279' title='bbox 523 3441 639 3506; x_wconf 79' lang='lat' dir='ltr'>genere</span> <span class='ocrx_word' id='word_1_280' title='bbox 651 3424 693 3483; x_wconf 90' lang='lat' dir='ltr'>ita</span> <span class='ocrx_word' id='word_1_281' title='bbox 708 3420 762 3483; x_wconf 79' lang='lat' dir='ltr'>fibi</span> <span class='ocrx_word' id='word_1_282' title='bbox 771 3418 911 3483; x_wconf 87' lang='lat' dir='ltr'>aduersus</span> <span class='ocrx_word' id='word_1_283' title='bbox 924 3441 974 3482; x_wconf 91' lang='lat' dir='ltr'>me</span> <span class='ocrx_word' id='word_1_284' title='bbox 988 3441 1051 3482; x_wconf 92' lang='lat' dir='ltr'>non</span> <span class='ocrx_word' id='word_1_285' title='bbox 1065 3422 1154 3501; x_wconf 80' lang='lat' dir='ltr'>pauci</span> 
     </span>
     <span class='ocr_line' id='line_1_34' title="bbox 137 3504 1166 3580; baseline -0.004 -9"><span class='ocrx_word' id='word_1_286' title='bbox 137 3528 193 3571; x_wconf 86' lang='lat' dir='ltr'>rtet</span> <span class='ocrx_word' id='word_1_287' title='bbox 205 3508 322 3570; x_wconf 74' lang='lat' dir='ltr'>indoeli</span> <span class='ocrx_word' id='word_1_288' title='bbox 335 3508 474 3572; x_wconf 82' lang='lat' dir='ltr'>homiues</span> <span class='ocrx_word' id='word_1_289' title='bbox 495 3504 699 3580; x_wconf 85' lang='lat' dir='ltr'>indulserunt,</span> <span class='ocrx_word' id='word_1_290' title='bbox 719 3524 751 3567; x_wconf 85' lang='lat' dir='ltr'>vt</span> <span class='ocrx_word' id='word_1_291' title='bbox 770 3505 974 3565; x_wconf 86' lang='lat' dir='ltr'>aemulatione</span> <span class='ocrx_word' id='word_1_292' title='bbox 996 3522 1027 3564; x_wconf 91' lang='lat' dir='ltr'>et</span> <span class='ocrx_word' id='word_1_293' title='bbox 1050 3504 1166 3575; x_wconf 77' lang='lat' dir='ltr'>morbo¹</span> 
     </span>
     <span class='ocr_line' id='line_1_35' title="bbox 137 3583 1159 3671; baseline -0.005 -18"><span class='ocrx_word' id='word_1_294' title='bbox 137 3594 229 3653; x_wconf 86' lang='lat' dir='ltr'>animi</span> <span class='ocrx_word' id='word_1_295' title='bbox 239 3588 371 3671; x_wconf 87' lang='lat' dir='ltr'>impulsi,</span> <span class='ocrx_word' id='word_1_296' title='bbox 392 3608 586 3653; x_wconf 84' lang='lat' dir='ltr'>nontanrum</span> <span class='ocrx_word' id='word_1_297' title='bbox 599 3586 770 3663; x_wconf 81' lang='lat' dir='ltr'>modestiae,</span> <span class='ocrx_word' id='word_1_298' title='bbox 790 3606 821 3649; x_wconf 88' lang='lat' dir='ltr'>et</span> <span class='ocrx_word' id='word_1_299' title='bbox 834 3588 954 3669; x_wconf 82' lang='lat' dir='ltr'>gratiae,</span> <span class='ocrx_word' id='word_1_300' title='bbox 976 3586 1055 3647; x_wconf 88' lang='lat' dir='ltr'>bene</span> <span class='ocrx_word' id='word_1_301' title='bbox 1072 3585 1110 3648; x_wconf 91' lang='lat' dir='ltr'>de</span> <span class='ocrx_word' id='word_1_302' title='bbox 1127 3583 1159 3649; x_wconf 85' lang='lat' dir='ltr'>se</span> 
     </span>
    </p>
   </div>
   <div class='ocr_carea' id='block_1_13' title="bbox 136 3666 1280 3757">
    <p class='ocr_par' dir='ltr' id='par_1_13' title="bbox 136 3666 1280 3757">
     <span class='ocr_line' id='line_1_36' title="bbox 136 3666 1280 3757; baseline -0.006 -20"><span class='ocrx_word' id='word_1_303' title='bbox 136 3694 260 3757; x_wconf 82' lang='lat' dir='ltr'>qnoque</span> <span class='ocrx_word' id='word_1_304' title='bbox 276 3676 386 3737; x_wconf 87' lang='lat' dir='ltr'>merito</span> <span class='ocrx_word' id='word_1_305' title='bbox 401 3672 532 3750; x_wconf 86' lang='lat' dir='ltr'>debitae,</span> <span class='ocrx_word' id='word_1_306' title='bbox 554 3672 803 3750; x_wconf 78' lang='lat' dir='ltr'>(lucubrationes</span> <span class='ocrx_word' id='word_1_307' title='bbox 826 3670 908 3730; x_wconf 89' lang='lat' dir='ltr'>enim</span> <span class='ocrx_word' id='word_1_308' title='bbox 925 3688 1022 3745; x_wconf 81' lang='lat' dir='ltr'>meaa,</span> <span class='ocrx_word' id='word_1_309' title='bbox 1049 3666 1084 3731; x_wconf 72' lang='lat' dir='ltr'>vt&#39;</span> <span class='ocrx_word' id='word_1_310' title='bbox 1096 3670 1161 3750; x_wconf 88' lang='lat' dir='ltr'>opi·</span> <span class='ocrx_word' id='word_1_311' title='bbox 1278 3704 1280 3712; x_wconf 71' lang='lat'>‹</span> 
     </span>
    </p>
   </div>
   <div class='ocr_carea' id='block_1_14' title="bbox 136 3748 1218 4153">
    <p class='ocr_par' dir='ltr' id='par_1_14' title="bbox 136 3748 1165 4095">
     <span class='ocr_line' id='line_1_37' title="bbox 137 3748 1164 3837; baseline -0.006 -18"><span class='ocrx_word' id='word_1_312' title='bbox 137 3748 1164 3837; x_wconf 65' lang='lat' dir='ltr'>nor,nontanturnreprehendendigratiatamdiligenterlegerunt)</span> 
     </span>
     <span class='ocr_line' id='line_1_38' title="bbox 137 3834 1162 3915; baseline -0.007 -12"><span class='ocrx_word' id='word_1_313' title='bbox 137 3840 401 3915; x_wconf 84' lang='lat' dir='ltr'>obituiscerentur‚</span> <span class='ocrx_word' id='word_1_314' title='bbox 422 3834 474 3901; x_wconf 89' lang='lat' dir='ltr'>sed</span> <span class='ocrx_word' id='word_1_315' title='bbox 487 3842 638 3905; x_wconf 84' lang='lat' dir='ltr'>atrocibus</span> <span class='ocrx_word' id='word_1_316' title='bbox 662 3840 756 3901; x_wconf 85' lang='lat' dir='ltr'>etiam</span> <span class='ocrx_word' id='word_1_317' title='bbox 776 3836 893 3897; x_wconf 89' lang='lat' dir='ltr'>iniuriis</span> <span class='ocrx_word' id='word_1_318' title='bbox 916 3854 966 3897; x_wconf 91' lang='lat' dir='ltr'>me</span> <span class='ocrx_word' id='word_1_319' title='bbox 988 3852 1162 3909; x_wconf 84' lang='lat' dir='ltr'>onerarent,</span> 
     </span>
     <span class='ocr_line' id='line_1_39' title="bbox 137 3920 1163 4007; baseline -0.004 -22"><span class='ocrx_word' id='word_1_320' title='bbox 137 3942 208 4002; x_wconf 82' lang='lat' dir='ltr'>quar</span> <span class='ocrx_word' id='word_1_321' title='bbox 229 3942 288 4007; x_wconf 81' lang='lat' dir='ltr'>ego</span> <span class='ocrx_word' id='word_1_322' title='bbox 311 3926 381 3986; x_wconf 87' lang='lat' dir='ltr'>Deo</span> <span class='ocrx_word' id='word_1_323' title='bbox 403 3922 586 3987; x_wconf 88' lang='lat' dir='ltr'>iusto&#39;iudici</span> <span class='ocrx_word' id='word_1_324' title='bbox 601 3920 795 3985; x_wconf 85' lang='lat' dir='ltr'>vindicandas</span> <span class='ocrx_word' id='word_1_325' title='bbox 814 3921 969 3998; x_wconf 88' lang='lat' dir='ltr'>relinquo,</span> <span class='ocrx_word' id='word_1_326' title='bbox 992 3936 1163 3997; x_wconf 85' lang='lat' dir='ltr'>eorumque</span> 
     </span>
     <span class='ocr_line' id='line_1_40' title="bbox 136 4000 1165 4095; baseline -0.009 -22"><span class='ocrx_word' id='word_1_327' title='bbox 136 4007 328 4073; x_wconf 81' lang='lat' dir='ltr'>candoreme</span> <span class='ocrx_word' id='word_1_328' title='bbox 342 4002 497 4087; x_wconf 84' lang='lat' dir='ltr'>consolor,</span> <span class='ocrx_word' id='word_1_329' title='bbox 517 4010 570 4090; x_wconf 84' lang='lat' dir='ltr'>qui</span> <span class='ocrx_word' id='word_1_330' title='bbox 584 4027 616 4073; x_wconf 87' lang='lat' dir='ltr'>et</span> <span class='ocrx_word' id='word_1_331' title='bbox 638 4006 721 4067; x_wconf 86' lang='lat' dir='ltr'>bene</span> <span class='ocrx_word' id='word_1_332' title='bbox 741 4002 823 4065; x_wconf 75' lang='lat' dir='ltr'>dillis</span> <span class='ocrx_word' id='word_1_333' title='bbox 844 4005 983 4088; x_wconf 72' lang='lat' dir='ltr'>granam,</span> <span class='ocrx_word' id='word_1_334' title='bbox 1007 4020 1037 4066; x_wconf 86' lang='lat' dir='ltr'>et</span> <span class='ocrx_word' id='word_1_335' title='bbox 1058 4000 1165 4095; x_wconf 75' lang='lat' dir='ltr'>enatis</span> 
     </span>
    </p>

    <p class='ocr_par' dir='ltr' id='par_1_15' title="bbox 252 4092 1218 4153">
     <span class='ocr_line' id='line_1_41' title="bbox 252 4092 1218 4153; baseline -0.018 6"><span class='ocrx_word' id='word_1_336' title='bbox 252 4096 266 4103; x_wconf 84' lang='lat'>&#39;</span> <span class='ocrx_word' id='word_1_337' title='bbox 627 4092 745 4153; x_wconf 78' lang='lat' dir='ltr'>Eece</span> <span class='ocrx_word' id='word_1_338' title='bbox 766 4098 787 4147; x_wconf 78' lang='lat'><em>2</em></span> <span class='ocrx_word' id='word_1_339' title='bbox 1049 4096 1171 4153; x_wconf 69' lang='lat' dir='ltr'>romam</span> <span class='ocrx_word' id='word_1_340' title='bbox 1215 4131 1218 4142; x_wconf 88' lang='lat'>.</span> 
     </span>
    </p>
   </div>
   <div class='ocr_carea' id='block_1_15' title="bbox 0 0 1464 4742">
    <p class='ocr_par' dir='ltr' id='par_1_16' title="bbox 0 0 1464 4742">
     <span class='ocr_line' id='line_1_42' title="bbox 0 0 1464 4742; baseline 0 2"><span class='ocrx_word' id='word_1_341' title='bbox 0 0 1464 4742; x_wconf 95' lang='lat' dir='ltr'> </span> 
     </span>
    </p>
   </div>
  </div>
 </body>
</html>
