2917 4742
1128 233 1135 259 l

128 388 189 461 to
218 388 380 509 svvn
413 381 701 467 oenotria
727 366 1004 508 renarint
1046 406 1145 496 nt,
1216 481 1219 497 ,

123 592 190 636 tem:
230 570 315 647 Quid
334 570 442 633 multae
462 579 647 654 magoarqne
667 570 917 655 necessimdiner,
952 576 1155 645 vrbanornm'

124 657 277 717 officiorum
290 653 502 733 frequentiam,
522 673 554 717 et
566 656 748 737 politillimar
764 659 796 719 in
812 679 885 738 agro
902 654 1134 747 rusticationepf

123 742 186 801 llrra
197 740 249 799 illa
264 755 297 799 et
311 736 424 799 lincera
438 738 573 817 undique
583 738 726 815 felicitas,
757 738 911 821 contigilfe
928 746 979 805 vni
992 764 1055 807 non
1071 766 1132 809 ma·

123 824 161 901 gir
178 824 210 882 in
231 818 335 881 fenam
350 820 569 899 eloquentiam,
597 824 774 901 grauitatem
797 826 828 886 in
850 828 999 903 conciliis,
1028 832 1061 889 in
1082 850 1138 901 te·¹
1177 816 1179 832 ³

124 906 170 965 bus
183 903 306 985 agendii
328 904 561 981 experientiam,
593 924 684 983 qaam
704 905 738 965 in
753 904 835 968 aditu
850 905 1039 987 facilitatem,
1057 914 1128 975 -ele-
1173 912 1175 919 ’

123 990 245 1068 gantiam
273 990 306 1047 in
327 985 544 1067 congreffibur,
571 988 604 1047 in
625 982 763 1048 fermone
784 990 936 1069 leporem,
961 993 1128 1057 humanita-

123 1089 175 1130 tem
187 1072 217 1131 in
233 1068 387 1145 amicitiis,
415 1069 573 1129 maximam
594 1068 728 1149 denique
741 1070 919 1151 dignitatem
935 1078 1064 1138 maxima
1077 1100 1128 1140 co-
1189 1096 1192 1107 ·

122 1155 213 1215 nitate
232 1154 451 1233 temperatam?
476 1152 632 1227 Nouimua,
645 1156 693 1213 Te
739 1154 781 1213 ari
796 1154 960 1217 constantia
974 1178 1021 1219 rea
1036 1156 1126 1225 feriar

121 1239 313 1313 maximaeque
332 1238 471 1309 ttastare,
492 1252 583 1313 atque
596 1232 649 1295 has
661 1254 703 1295 no
729 1257 775 1297 ras
791 1238 1145 1320 elegantia:·animum·x

121 1340 170 1399 qne
183 1325 213 1381 T
214 1340 289 1380 uum
310 1337 348 1379 ea
366 1319 519 1379 celeritate
539 1318 610 1379 binc
629 1316 704 1379 inde
722 1318 838 1396 delabi,
868 1338 899 1383 tt
912 1310 1037 1384 difficile
1049 1322 1132 1401 effer,

123 1403 290 1476 diiudicare,
311 1419 410 1462 vtrtttn
422 1400 518 1463 maior
529 1397 602 1465 effer
608 1402 647 1475 in
664 1401 754 1463 rebus
775 1402 894 1483 imperii
908 1407 1127 1485 concipiendis,

122 1506 152 1546 an
165 1484 357 1565 ‘exquilinum
369 1484 453 1545 ¹(into
471 1479 671 1545 dbiirinarum
691 1484 828 1546 omniurn
840 1484 941 1549 fontes
960 1486 1127 1568 recluserit,

121 1588 151 1627 ιιι
165 1569 286 1629 demum
297 1568 518 1642 incredibilior,
543 1566 625 1646 quod
644 1585 802 1647 utramque
821 1569 942 1631 laudern
955 1588 1014 1632 tam
1028 1570 1128 1634 felici·

121 1667 158 1711 tet
170 1651 371 1713 coniunxerit.
408 1652 487 1711 Hinc
501 1669 565 1710 non
580 1650 675 1712 otium
690 1652 762 1712 Tibi
776 1648 976 1730 solummodo,
1004 1650 1055 1715 fed
1071 1656 1125 1717 be«

122 1754 155 1793 ne
167 1734 301 1795 dixeram
315 1735 487 1814 negotium,
513 1733 666 1795 literatum
681 1734 748 1795 luce
762 1733 938 1798 ditiinttum.
976 1740 1123 1801 Attamen

122 1820 185 1878 tanti
204 1820 325 1879 interea
344 1836 409 1876 non
433 1815 505 1875 Tibi
524 1814 559 1877 lit
578 1817 628 1877 vel
648 1820 733 1878 Tuus
754 1813 816 1897 ipfe
843 1836 896 1879 on
909 1836 938 1881 tt
950 1837 971 1879 o
983 1836 1000 1880 a
1013 1840 1036 1881 ι·
1048 1840 1124 1883 ran·

121 1918 216 1975 ntra,
235 1918 342 1979 neque
358 1916 417 1972 ea,
435 1917 525 1979 quam
538 1888 727 1979 descripbiii,
754 1898 898 1961 methodo
913 1903 1124 1980 concinnatus,

121 1985 280 2063 nequeiia,
300 2002 372 2061 quos
386 1980 573 2062 comparasti,
603 1978 933 2061 suppetiit‘instruciut,
962 2002 1062 2063 nequa
1076 2004 1122 2061 ea,

121 2086 198 2145 qoam
212 2064 349 2139 voluisti,
369 2084 459 2127 manu
475 2062 652 2137 recenfttua,
682 2068 731 2125 Te
745 2082 777 2125 vt
791 2084 892 2127 carere
908 2062 1002 2144 poffer
1018 2088 1124 2148 respu-

120 2150 203 2222 blica,
221 2167 301 2223 aut„
316 2147 450 2209 utilitatis
470 2147 637 2208 communic
657 2147 827 2227 impendio,
856 2150 908 2209 Te·
917 2149 1044 2210 nimium
1060 2152 1125 2213 alli-

119 2250 211 2293 cerent
230 2233 366 2312 priuatae
388 2229 561 2294 huiusmodi
579 2230 757 2311 elegantiae.
796 2230 893 2292 Sinito
914 2234 962 2291 Te
977 2232 1123 2296 tamdiua

120 2318 179 2375 Tuo
206 2336 230 2377 n
239 2334 264 2375 n
276 2332 305 2377 tr
318 2330 370 2375 os
384 2333 407 2375 a·
418 2333 444 2374 ιι
454 2332 474 2373 a
487 2331 512 2374 n
523 2332 546 2375 r.
575 2310 703 2388 diuelli,
741 2312 814 2373 dum
834 2308 1000 2397 praesentia
1020 2334 1124 2379 curra:

120 2400 172 2457 lam
190 2398 308 2458 dudum
327 2398 411 2457 enim
437 2418 454 2457 a
471 2400 520 2457 Te
532 2391 684 2476 prouisum
700 2394 759 2470 est,
786 2415 818 2457 vt
831 2395 924 2457 vestra
941 2416 1125 2461 commemo·

121 2483 185 2542 tatio
198 2480 355 2541 inanimis
368 2475 543 2541 erlenfibus
557 2478 744 2559 posterorum
758 2476 920 2541 diuellutnr
935 2500 1101 2559 nunquam.

171 2566 292 2642 interea
306 2580 424 2638 autem,
442 2562 515 2623 dum
526 2564 575 2622 Te
588 2564 661 2622 illuc
673 2558 820 2640 sequitur,
847 2564 922 2623 etin
944 2562 1065 2623 ciuilem
1081 2564 1125 2625 vi·

121 2663 174 2707 nm
188 2648 361 2720 comitamr,
377 2646 536 2725 gratulatio
551 2643 665 2719 nostra,
679 2640 784 2705 nescio
792 2690 800 2719 ‚
820 2645 901 2722 quod
915 2664 1012 2726 genus
1026 2644 1126 2707 laudia

122 2732 341 2805 ctltirtptioaut
361 2728 530 2807 adriperem
545 2728 673 2806 primur,
697 2744 749 2787 aut
771 2726 822 2787 cui
835 2726 1000 2789 inlillerem
1016 2727 1125 2789 luben·

122 2813 179 2873 tius.
216 2815 433 2874 Memoremne
461 2830 511 2871 en
526 2825 796 2882 0v1rtc1‘nnt,
823 2826 914 2887 quam
940 2828 1027 2871 nno
1052 2828 1126 2871 nn·
1180 2806 1182 2813 ’

125 2914 194 2968 on,
220 2891 340 2976 inipso
364 2894 532 2955 iuuentutis
549 2893 651 2966 dore,
676 2890 898 2966 administrasti,
923 2888 1037 2959 summa
1052 2911 1125 2953 cum

123 2981 246 3039 omnium
267 2972 486 3057 exspeilatione
508 2974 638 3049 aditam,
665 2990 893 3054 etprocutatam
916 2973 1124 3050 admiratione,

125 3078 150 3121 et
168 3064 305 3123 relictam
318 3059 489 3121 deiiderio?
513 3060 545 3118 Si
568 3056 743 3119 domesticas
762 3055 874 3118 nostrat
895 3072 927 3118 et
944 3060 1038 3138 magis
1054 3078 1125 3137 pro·
1183 3092 1189 3101 -

123 3145 191 3221 prias
209 3144 370 3206 felicitates
391 3143 546 3217 recolam,
580 3142 625 3201 ibi
645 3136 812 3201 meminiffe
835 3154 957 3218 oportet
979 3136 1126 3202 summanr
1212 3140 1214 3147 ’

124 3246 183 3286 tum
207 3244 297 3292 oar
311 3244 399 3287 anto
429 3242 555 3285 naon
583 3224 723 3305 gratiam,
750 3238 781 3283 et
804 3224 922 3283 nolitne
940 3224 1128 3303 reipublicae

124 3311 243 3373 rationes
263 3310 392 3369 maxima
412 3308 509 3369 animi
517 3306 696 3381 conflantia,
721 3305 892 3367 incredibili
906 3307 1023 3385 ingenii
1043 3307 1128 3447 νίἑο·

123 3411 165 3467 te,
182 3395 297 3475 optimo
311 3391 435 3453 conblio
448 3408 480 3452 et
499 3386 658 3469 sapientia,
682 3387 812 3451 feliciter
833 3406 865 3449 et
885 3388 1045 3468 vigilanter
1095 3404 1128 3445 e·

124 3477 181 3556 pius
194 3479 385 3559 gubernarat.
411 3461 583 3535 Meminisse
590 3472 751 3552 oportebit,
766 3472 860 3549 qualis
867 3488 1057 3551 quantusque
1064 3468 1130 3531 fue·

126 3560 205 3620 ticin
226 3556 345 3632 senatu,
373 3574 405 3619 et
425 3557 459 3617 in
484 3556 636 3627 conciliis3
656 3544 901 3631 fummamatque
914 3548 1129 3631 incredibilem

126 3645 238 3723 gratiam
250 3642 489 3722 grauitatemque
503 3634 733 3712 sententiarum,
750 3632 922 3697 facundiam
936 3636 967 3694 in
983 3652 1065 3708 voce,
1085 3628 1130 3695 fe·

126 3729 275 3790 ueritatem
288 3724 582 3801 affirmationemque
593 3722 624 3780 in
640 3721 743 3792 vultu,
766 3719 799 3777 in
814 3719 922 3792 oculis,
942 3717 1060 3791 habitu,
1078 3734 1131 3798 ge·

130 3806 183 3883 liu,
206 3826 269 3873 toto
282 3808 417 3885 denique
430 3822 556 3884 corpore
572 3801 740 3864 naturalem
754 3798 905 3880 quandam
916 3816 947 3861 et
961 3798 1133 3880 ingenitam

127 3894 181 3951 tim
195 3910 225 3954 et
239 3891 454 3970 eloquentiam.
473 3890 508 3947 ln
523 3889 654 3967 negotitr
670 3884 797 3965 publicis
812 3881 1027 3961 expediendis,
1039 3902 1134 3962 quara·
1191 3944 1193 3951 Α

130 3989 155 4033 ιι
173 3977 300 4037 alacritas
322 3972 384 4033 fine
404 3968 622 4051 trepidatione,
650 3984 763 4046 quanta
784 3966 953 4048 vigilantia,
974 3984 1136 4046 propeme·

132 4056 195 4123 dum
212 4079 279 4140 cum
297 4057 393 4125 anitati
417 4053 588 4119 remiliione
602 4050 775 4115 coniuncia:
807 4047 1057 4127 anuaeiioruni
1071 4042 1139 4105 foti·

490 4148 550 4167 ·’
640 4130 795 4217 Getta
1021 4128 1178 4257 anun-g(
