2917 4742
385 171 401 214 3
476 172 480 180 .

149 342 233 389 ·’
287 368 418 453 ιησ·
492 362 740 489 ermuini
787 310 1161 467 ens'nrosto·
1218 329 1267 363 ‘'
1360 370 1363 457 ⁴,

282 563 332 623 sta
345 576 413 621 cum
419 550 638 618 Demosthenis
652 550 746 615 editio
762 549 902 615 incbottr
909 553 1024 619 multos
1038 570 1135 618 annos
1149 546 1321 625 mansissett'
1363 563 1364 615 l

198 667 209 683 κ
286 645 332 707 io:
348 646 530 712 Benenatus,
549 637 641 698 totius
653 634 845 699 instrumenti
861 635 1071 717 typographici
1086 630 1235 709 successor,
1251 654 1318 695 ms-

157 736 177 787 “,
218 760 221 764 >
286 724 435 802 trimonio
456 726 525 781 cum
540 719 638 788 uidua
657 718 825 795 contrado,
850 717 974 792 seduci-¹
991 719 1100 801 partim
1123 704 1173 779 sua
1194 713 1313 797 sponte,
1364 725 1365 735 ¹

182 802 202 870 ’.
286 810 401 893 partim
413 792 574 866 bominum
587 819 648 865 tam
662 804 785 883 longam
797 802 933 881 incoepti
946 800 1047 890 operis
1062 798 1316 863 intermissionem

287 881 491 973 querentium
505 902 536 947 et
555 893 646 964 aegre
658 876 824 946 serentium
836 884 961 947 boribus
975 882 1093 947 assiduis
1108 884 1216 954 vidus,
1240 900 1318 944 con·
1365 898 1366 911 *

288 974 390 1040 silium
403 969 528 1033 tandem
543 968 624 1048 cepit
635 968 722 1048 operi
735 966 892 1042 inchoato,
911 985 942 1029 et
955 966 1091 1047 deposito
1098 1012 1106 1039 ,
1126 983 1158 1027 et
1171 966 1255 1027 vt-ito
1269 964 1320 1025 di·

290 1076 369 1129 cam,
389 1054 583 1125 conclamato,
603 1046 773 1113 subuenite.
813 1046 928 1121 Qurin
946 1070 978 1111 re
993 1068 1061 1125 cum
1074 1048 1128 1111 fibi
1144 1048 1318 1112 adiutorem

222 1128 225 1134 ’
293 1140 429 1217 aliquem
444 1132 649 1196 adhibendum
662 1128 723 1195 esse
737 1130 932 1208 existimaret,
952 1135 1005 1211 qui
1020 1150 1051 1195 et
1064 1133 1157 1195 vellet
1173 1148 1204 1193 et
1218 1126 1318 1210 posset

292 1224 327 1284 ei
349 1220 394 1282 t'ei
415 1236 538 1297 operam
561 1216 691 1294 aliquam
705 1234 835 1291 nouare,
856 1210 884 1283 se
898 1214 934 1275 od
953 1215 1197 1298 mepotislimum
1209 1230 1319 1280 contu-

189 1318 193 1332 '
293 1307 348 1369 lit:
367 1322 459 1383 quem
475 1298 649 1379 etpublicis
662 1298 828 1361 commodis
842 1297 974 1368 libenter
996 1295 1144 1361 inseruire
1164 1316 1319 1379 cognone-

288 1404 360 1462 ⁴rot,
395 1402 427 1447 et
448 1384 612 1463 plurimum
631 1378 685 1443 fibi
705 1381 741 1444 in
762 1382 885 1461 negotio
915 1377 1048 1463 suscepto
1071 1376 1321 1461 prodelle‘poli'e
1368 1402 1369 1407 ¹

295 1454 495 1533 existimabat.
532 1465 769 1545 Ego,·qmmuis
783 1466 815 1525 in
829 1464 894 1525 oliir
906 1465 997 1527 rebus
1011 1487 1027 1527 a
1042 1484 1092 1525 me
1107 1462 1247 1525 institutis
1269 1481 1324 1529 oc·

296 1546 650 1632 cupatiffimos,·homini
664 1548 775 1621 amico,
797 1542 969 1627 praesertim
984 1548 1016 1609 in
1030 1568 1062 1609 te
1077 1563 1138 1610 tom
1149 1546 1324 1627 spreeclera,

297 1629 404 1696 deesse
424 1629 519 1692 nolui.
563 1631 671 1707 ltaque
698 1630 844 1691 continuo
870 1631 1016 1711 reliquam
1041 1634 1156 1711 portem
1183 1628 1322 1707 exempli

145 1778 152 1789 ,
203 1733 205 1738 ·
278 1714 440 1796 'impreffi,
459 1712 592 1787 adcuius
607 1728 734 1774 erutuet
749 1706 955 1791 scripturarum
969 1730 1127 1775 contextus
1142 1708 1326 1775 Demosthe-

180 1798 184 1808 '
299 1802 351 1865 nis
370 1797 528 1875 t'atietates
548 1816 567 1855 r
586 1794 717 1857 Morelio
739 1783 911 1875 sinopses}
947 1814 977 1857 er
1000 1792 1110 1857 scholia
1132 1796 1185 1859 illu
1205 1794 1325 1857 Graeca
1370 1792 1371 1797 ’

301 1879 442 1946 nondum
461 1873 614 1958 impressa,
638 1870 828 1958 transscripta
847 1876 933 1940 fuisse
953 1874 1039 1960 supro
1053 1879 1129 1954 dixi,
1157 1879 1327 1959 diligenter

301 1982 397 2043 etque
410 1977 527 2024 ruente
539 1960 650 2041 relegi,
672 1981 707 2021 rc
720 1962 895 2043 recognoui.
937 1964 983 2021 Ac
998 1958 1108 2041 scholio¹
1120 1961 1243 2043 quidem
1260 1962 1327 2034 illa,

300 2056 384 2127 quoe
397 2060 523 2126 propter
536 2044 659 2105 Morelii
681 2043 798 2105 obitum
819 2044 1011 2107 immaturum
1029 2062 1116 2110 erant
1136 2044 1233 2107 odltuc
1251 2062 1329 2107 con·

304 2124 377 2203 susa,
397 2144 430 2190 et
443 2126 619 2205 perturbato
632 2126 740 2188 ordine
757 2126 907 2202 collocate,
930 2128 1029 2203 itaut,
1050 2148 1111 2207 quo
1125 2130 1330 2207 pertinerent,

304 2232 372 2276 non
382 2208 474 2271 sarilo
488 2209 586 2289 quiuis
598 2207 752 2296 interdum
766 2228 913 2283 cerneret,
929 2206 980 2271 suo
997 2224 1135 2291 quaeque
1143 2212 1210 2271 loco
1218 2209 1328 2289 digessi

304 2312 399 2373 atque
418 2292 452 2355 in
473 2292 614 2353 ordinem
635 2291 757 2372 redegi:
780 2308 812 2353 et
826 2293 949 2373 leirni
968 2290 1200 2355 commentarios
1214 2294 1246 2353 in
1263 2292 1332 2353 edi-

159 2428 171 2451 ,
239 2414 241 2418 .
305 2376 442 2441 tionibus
465 2376 593 2457 vulgatis
613 2372 862 2454 corruptissimos,
886 2376 985 2455 quoad
1005 2377 1070 2438 eius
1093 2374 1160 2437 fieri
1174 2376 1334 2441 debuitne
1357 2443 1360 2451 ,

269 2478 273 2494 ·
306 2461 424 2543 potuit,
456 2456 595 2539 usogast
613 2476 704 2536 atque
725 2455 896 2519 emendtui.
946 2460 982 2519 ln
1003 2476 1148 2521 contextu
1174 2478 1246 2521 veto
1264 2460 1333 2521 De-

271 2571 274 2579 ·
306 2535 474 2607 mbstbenis
501 2537 744 2621 recognoscendo
776 2540 855 2601 viam
882 2540 956 2601 mihi
974 2544 1034 2603 iam
1051 2564 1072 2604 a
1093 2542 1224 2625 Morelio
1243 2560 1337 2619 prae-

218 2629 222 2638 '
306 2623 502 2689 monstratum
515 2618 632 2685 secutus
644 2618 715 2698 sum,
726 2620 874 2702 fimulque
888 2624 1036 2687 Benensti
1050 2626 1197 2687 voluntati
1209 2644 1332 2687 rnorem

248 2728 251 2734 ·
308 2706 398 2790 gessi,
423 2724 457 2769 vt
477 2706 556 2772 nihil
576 2702 695 2787 prorsus
714 2727 732 2766 a
753 2706 872 2785 vulgata
890 2722 922 2771 et
942 2724 1064 2788 recepta
1083 2704 1337 2788 scripturemnta·

298 2798 395 2852 'rems
418 2786 470 2851 sed
484 2808 591 2855 omnes
603 2786 853 2851 dissimilitudines
867 2790 917 2851 vel
933 2788 971 2851 ad
986 2811 1069 2852 orem
1083 2790 1152 2853 libri
1165 2790 1338 2873 edpingen·

308 2872 380 2947 dus,
400 2874 450 2932 vel
463 2874 497 2933 in
513 2873 594 2933 calce
609 2870 798 2951 collocandas
819 2887 963 2933 curarem.
1013 2874 1084 2948 Qua
1103 2873 1227 2953 quidem
1243 2874 1277 2935 in
1300 2892 1340 2936 se

312 2970 398 3017 tanta
411 2952 471 3018 fuit
483 2948 640 3015 Benenrtit
648 2954 770 3035 religio,
791 2953 839 3015 cui
852 2952 942 3016 facile
958 2951 1083 3018 assensus
1098 2952 1169 3031 sum,
1189 2975 1221 3018 vt
1234 2958 1341 3019 lectio-

239 3079 247 3094 ,
314 3056 373 3102 nes
392 3054 425 3099 et
443 3036 703 3115 interpunffione'r
731 3036 864 3117 vulgatas
883 3058 1104 3119 nonnunquam
1123 3036 1241 3103 viriosas
1261 3040 1339 3101 reti·

312 3116 741 3192 netemelueritVdummodo
762 3138 865 3179 eornm
883 3120 1112 3185 emendationes
1134 3124 1184 3185 vel
1204 3124 1242 3184 in*
1259 3130 1365 3184 mar-e·

225 3238 230 3247 ·
313 3204 407 3285 gine,
423 3202 474 3261 vel
485 3200 517 3261 in
531 3201 613 3262 calce
627 3201 698 3262 libri
711 3196 996 3278 representrrentur,
1015 3226 1106 3285 quam
1120 3208 1259 3287 cuiquem
1274 3226 1340 3268 ma·

314 3285 419 3349 leuolo
433 3283 526 3344 vllam
541 3282 646 3345 iustam
661 3282 924 3365 repraehendendi
940 3284 1039 3348 ansam
1052 3288 1235 3371 relinquere.
1269 3290 1343 3353 Me·

313 3368 447 3433 minerat
460 3367 562 3440 enim,
583 3366 704 3427 demea
715 3364 871 3432 Ciceronis
888 3368 1032 3445 editione,
1051 3373 1105 3451 qui
1118 3369 1270 3433 sermones
1285 3368 1345 3435 lso·

214 3524 230 3541 ἱ
317 3454 438 3511 minum
452 3449 561 3529 partim
574 3450 792 3528 impetitorum,
814 3452 921 3529 partim
936 3453 1110 3533 iniquorum
1123 3452 1259 3531 fuissent,
1268 3474 1345 3516 cum

197 3554 201 3561 ·
292 3592 299 3603 ,
316 3531 464 3607 dicerent,
478 3550 529 3596 me
542 3533 670 3594 ninnium
677 3531 831 3593 mihiioris
838 3534 870 3593 in
881 3532 1228 3601 Cicerotteemebdando
1236 3534 1348 3599 assum·

262 3647 267 3656 ,
317 3610 399 3680 fisse:
420 3635 485 3676 non
506 3611 670 3695 oportuisse
690 3636 709 3676 u
728 3616 858 3677 leslione
879 3635 1000 3698 recepta
1014 3614 1145 3683 discedi:
1170 3617 1236 3693 satis
1250 3618 1347 3683 fuisse

318 3697 456 3763 sessionis
473 3699 631 3761 varietates
645 3714 678 3761 et
691 3692 845 3776 scripturas
867 3700 898 3759 in
919 3702 1050 3782 antiquis
1069 3704 1221 3767 codicibus
1239 3724 1351 3785 supera

318 3796 385 3854 trs,
405 3782 668 3859 torquentumuis
683 3781 858 3860 probabiles
868 3786 1065 3860 coniecluras,
1083 3788 1116 3849 in
1140 3789 1352 3851 annotationi·

290 3938 304 3951 .
317 3862 377 3925 bus
392 3862 493 3923 locari.
520 3866 581 3940 ,Ne
596 3862 776 3943 quidigitur
788 3864 820 3923 in
836 3866 1045 3933 Demosthene
1063 3870 1223 3951 quicquam
1240 3872 1307 3933 tale
1330 3894 1350 3935 a

318 3944 413 4015 nobis,
424 3940 484 4005 esse
495 3940 604 4009 laeum
620 3947 708 4025 queri
722 3944 816 4025 possit,
833 3946 982 4028 (quamuis
997 3948 1157 4017 hominum
1169 3954 1354 4021 inuidorum

320 4044 354 4092 et
365 4025 557 4112 iudodotum
568 4025 722 4092 sermones
735 4024 858 4110 semper
881 4028 1142 4113 consenserimus,
1161 4037 1356 4104 et-noslram

1153 4139 1157 4146 '
1259 4120 1360 4183 inci-
