2917 4742
324 184 342 219 b

197 377 275 447 Au
307 310 458 449 svvtr
488 345 941 467 nujnosfrtrrnun.
1019 394 1113 472 1t17

498 504 506 533 l

91 544 470 641 histrione'inrerrogrmr,
489 558 563 640 quid
575 558 780 622 inslhetotica
794 560 925 640 primum
938 554 999 621 effe
1020 558 1118 625 existi·

93 661 204 718 maret,
220 644 597 724 pronunciationemdixir,
617 661 649 705 et
661 640 801 718 secundo,
822 644 958 705 etterrio
973 642 1056 706 idem
1071 664 1117 709 re·

92 723 234 808 spondit,
260 726 360 806 quoad
381 727 467 788 desrit
487 723 540 787 ille
561 727 764 811 interrogare,
786 742 817 787 vt
839 746 901 787 non
925 744 985 787 tarn
1005 730 1119 808 praeci·

91 830 203 891 poam,
225 830 317 891 quam
340 806 432 870 solam
449 810 618 871 rhetoricae
636 812 788 892 propriam
810 828 925 889 patrem
940 814 1119 890 pronuntia·

93 896 217 955 tionem
237 889 300 956 effe
321 892 508 973 significaret.
533 885 696 974 p'rnprerea
714 892 856 955 videlicet
869 901 964 973 quum
979 910 1117 959 caeterae

92 996 204 1037 omnes
226 978 272 1037 ita
292 978 419 1037 aliarum
438 995 539 1040 rerum
568 977 775 1055 cognitionem
800 977 953 1037 interdurn
975 978 1119 1045 innexam

90 1059 354 1136 babentaliirque
366 1061 507 1120 omnibus
524 1061 616 1120 etiarn
630 1056 842 1141 philosophicis
865 1054 1117 1137 disputationibut

94 1163 280 1205 communes
302 1138 384 1217 sunt,
403 1160 437 1203 vt
458 1144 596 1213 aliarum,
618 1142 638 1202 li
656 1144 723 1222 quir
739 1145 818 1207 telle
834 1162 896 1201 non
912 1142 1055 1219 aduertat,
1076 1148 1116 1207 vi·

92 1225 156 1287 deri
170 1222 368 1288 scientiarum
381 1225 497 1306 posstnt,
516 1226 590 1286 haec
604 1220 663 1287 sola
674 1226 737 1287 line
754 1224 820 1286 vlla.
832 1226 1033 1289 controuersia
1051 1249 1116 1293 non

91 1306 188 1384 alteri,
197 1328 292 1388 quam
305 1308 375 1370 huic
386 1310 451 1383 arti,
459 1304 584 1369 adscribi
596 1326 693 1389 queat,
708 1309 913 1388 atqueiccirco
923 1326 1034 1369 tantam
1044 1330 1116 1391 ope,-

92 1414 152 1453 nm
166 1392 226 1453 sibi
242 1394 274 1453 ei
289 1390 491 1453 adhibendam
505 1393 599 1465 duxit,
620 1409 652 1453 vr
664 1412 726 1451 non
744 1406 805 1453 tam
824 1394 975 1453 orationes
998 1394 1062 1453 eius
1083 1412 1116 1457 et

92 1473 217 1557 scripta,
239 1496 333 1554 quam
354 1474 499 1537 induslrir
518 1493 549 1536 et
564 1465 738 1536 exercitatio
752 1476 784 1535 in
803 1494 856 1534 ore
868 1476 1006 1535 omniurn
1018 1475 1059 1551 sit,
1082 1494 1114 1541 et
1193 1491 1196 1499 ’

90 1560 167 1640 apud
175 1578 293 1620 umnec
301 1558 482 1619 celebretur.
522 1554 599 1629 Quis
607 1562 691 1619 enim
703 1558 754 1633 est,
763 1558 815 1638 qui
830 1557 1114 1623 meditationereius

90 1646 119 1704 in
139 1643 290 1703 cubiculo
312 1636 505 1703 subterraneo
526 1660 591 1702 non
619 1639 804 1715 admiretur,
831 1659 897 1700 cunr
922 1642 1116 1721 inaequalem
1156 1638 1160 1649 '

91 1724 248 1787 tonsuram
270 1726 362 1785 etiam
382 1726 471 1801 capiti
489 1721 684 1798 adhibuisset,
715 1742 759 1785 ne
783 1722 836 1783 fibi
856 1724 1017 1803 aliquando
1039 1726 1113 1790 inde

90 1808 275 1882 exenndnm
296 1804 386 1881 esset,
405 1823 497 1886 atque
517 1811 561 1869 ita
579 1806 708 1868 studium
731 1807 992 1869 intermitteretur.
1034 1806 1113 1881 Qun

88 1894 156 1953 ledi
169 1892 242 1952 eiur
260 1890 427 1970 angustiam
444 1912 509 1951 non
520 1892 668 1964 decantat,
686 1890 790 1970 quaid
813 1886 955 1969 consequi
975 1910 1113 1971 procura·

91 1975 145 2049 bat,
164 1993 200 2036 vt
220 1974 420 2035 incommoda
438 1974 600 2036 cubatione
619 1972 730 2035 occasio
752 1976 782 2034 ei
802 1968 944 2055 surgendi
965 1976 1115 2055 tempesti-
1174 1997 1177 2003 ·

89 2061 152 2119 tius
168 2054 396 2119 exhiberetur?
415 2057 493 2131 Quis
506 2056 538 2118 id
559 2076 624 2119 non
634 2057 776 2129 celebrat,
792 2074 860 2117 cum
879 2052 908 2117 se
924 2059 1111 2121 antelucanis

89 2139 251 2201 labrorum
265 2140 375 2219 vigiliis
389 2133 519 2220 superari
531 2158 623 2221 aegre
641 2136 780 2212 serebari,
801 2138 903 2214 Quem
916 2140 968 2201 illa
988 2141 1060 2203 eius?
1070 2143 1115 2203 di·

90 2224 220 2305 ligenria
236 2243 305 2284 non
319 2241 431 2298 mouet,
448 2224 568 2285 eumad
586 2222 775 2285 Phalericum
798 2220 949 2301 profectur
971 2222 1008 2284 ad
1023 2226 1114 2287 enda·

91 2307 308 2387 rumsragoreq
321 2308 442 2367 calculir
455 2308 548 2369 etiam
563 2308 597 2367 in
623 2326 677 2368 ore
697 2302 799 2379 sumtis
822 2306 1024 2387 pronunciare
1048 2306 1130 2379 ora?=

89 2392 191 2451 tiones
213 2384 401 2464 asuescebat,
430 2411 491 2469 quo
512 2390 614 2471 possea
629 2406 660 2451 et
675 2390 783 2450 clariur
801 2390 893 2451 verba
905 2388 1061 2469 proferret,
1080 2408 1113 2455 er

89 2473 276 2534 tumultibus
291 2473 396 2551 populi
410 2493 473 2534 non
491 2471 724 2535 exturbaretur?
752 2468 842 2547 Quid,
865 2490 933 2533 cum
954 2472 1059 2553 gladiis
1073 2474 1113 2535 de
1178 2548 1182 2557 1

91 2560 166 2619 recle
190 2551 353 2635 suspense,
369 2557 411 2617 ita
427 2548 518 2637 pe'ne,
532 2556 713 2618 trhurneros
729 2556 922 2634 attingerent,
940 2553 1021 2615 domi
1031 2552 1113 2617 se‘ad
1208 2614 1211 2623 ‚

89 2639 260 2700 dicendum
275 2640 444 2714 exercebat,
461 2659 503 2701 ne
517 2639 601 2721 gestu
614 2639 734 2701 humeri
755 2638 950 2717 incompofito
965 2639 1114 2701 albionem

90 2734 321 2802 corrumperet,
345 2742 452 2783 nonne
475 2724 591 2784 animur
618 2724 778 2784 hominnm
799 2717 895 2800 capiti
917 2722 1004 2781 Hanc
1020 2723 1113 2803 igitur

89 2805 398 2885 pronunciationem,
417 2806 466 2867 cui
487 2807 649 2885 praecipue
667 2805 721 2867 libi
741 2805 977 2865 incumbendum
998 2802 1114 2869 censuit
1198 2828 1205 2841 ·

89 2889 132 2949 hic
149 2890 269 2966 ausint,
289 2890 434 2967 cuiusque
453 2890 615 2969 praecipue
637 2891 762 2969 glutiam
786 2886 906 2949 videtur
927 2885 1124 2967 appetiuisse,
1160 2900 1174 2917 '

90 2973 292 3051 praecipuum
306 2990 429 3051 quoque
442 2974 474 3033 in
493 2974 558 3036 eius
573 2974 759 3035 orationibus
774 2973 875 3031 locum
897 2972 1038 3033 obtinere
1051 2965 1120 3035 exi·'

90 3054 277 3117 simandum
291 3053 342 3128 est,
361 3073 392 3115 vr
408 3074 476 3116 cum
491 3059 566 3119 ears
606 3058 691 3131 imur,
713 3076 777 3117 non
792 3052 883 3115 modo
904 3056 1030 3115 caeteris
1044 3056 1115 3118 alin

89 3160 153 3199 rum
168 3138 317 3199 omnium
325 3155 559 3218 anteponamus,
590 3139 628 3200 ed
642 3140 712 3219 quia
725 3139 1007 3217 pronunciationem
1016 3140 1122 3211 nullm,

88 3225 123 3283 tis
135 3222 449 3301 animocoucipimut,
463 3218 537 3301 ipsas
551 3220 581 3284 se
595 3221 664 3302 ipss
679 3218 1114 3302 quoqueesleadmirabiliorer

87 3308 269 3379 iudicemus,
289 3320 321 3365 et
336 3306 412 3384 plur,
428 3327 517 3383 quam
531 3308 671 3387 legamus,
692 3306 905 3383 intelligamur,
925 3306 1036 3366 etlicet
1050 3324 1109 3365 vox

89 3392 154 3450 eius
176 3407 246 3449 non
267 3386 417 3461 audiatur,
443 3383 561 3468 semper
581 3407 683 3449 tamen
704 3384 864 3449 aduersarii
886 3388 951 3448 eius
972 3390 1046 3448 voce
1060 3388 1113 3449 illa

87 3492 178 3534 tures
199 3468 320 3533 nostrae
340 3467 518 3548 personent,
534 3473 605 3551 quid
624 3468 762 3550 fiiipsunr
784 3470 977 3531 audiremur?
996 3488 1028 3531 vr
1047 3490 1111 3541 non

87 3556 244 3617 immerito
259 3556 465 3616 Macedonum
480 3574 533 3616 rex
556 3556 856 3634 Philippum-contra
885 3572 976 3633 quern
1004 3556 1112 3614 acriter

87 3636 210 3719 semper·
225 3638 446 3713 inuehebatnr,
465 3658 533 3699 cum
548 3640 579 3700 ei
593 3641 732 3699 recitatae
745 3638 896 3697 orationes
912 3637 1030 3713 aliquae
1047 3638 1111 3699 eiua

87 3722 194 3797 essent,
204 3740 310 3800 neque
325 3718 356 3782 se
364 3722 463 3782 ‘alium
484 3724 666 3802 quempiam,
686 3738 775 3799 quam
790 3716 893 3799 ipsum,
914 3720 1044 3781 inbello
1062 3720 1111 3781 ad·

86 3802 207 3867 tersum
222 3802 253 3864 se
267 3800 468 3866 consultorem
484 3803 570 3867 luisse
584 3802 877 3866 elellurumdixerit.
896 3803 1112 3883 orationesque
1204 3823 1207 3833 ·

88 3884 163 3966 ipsas
176 3891 219 3951 ob
235 3889 296 3947 tim
321 3876 460 3961 allionis,
481 3910 570 3967 quarn
586 3908 657 3969 prae
674 3884 702 3948 se
713 3888 870 3959 serebant,
892 3904 959 3946 cum
976 3882 1111 3955 Isocratis
1156 3902 1159 3909 ’

90 3975 233 4049 quasdam
260 3971 383 4033 athlerir
406 3972 583 4051 epalaestra
606 3971 718 4031 similet
742 3970 795 4029 libi
816 3970 924 4045 rideri¹
940 3966 1109 4045 asseruisset,
1146 3966 1152 3973 ’

89 4057 234 4119 mutium
256 4055 459 4137 comparauit,
476 4056 592 4137 quippe
605 4074 675 4117 cutn
688 4056 732 4115 ita
749 4048 887 4147 urgeant
902 4068 967 4115 rem
982 4050 1108 4147 semper,
1187 4094 1192 4105 .

1066 4152 1108 4197 tta
