<?xml version="1.0" encoding="UTF-8"?>
<!DOCTYPE html PUBLIC "-//W3C//DTD XHTML 1.0 Transitional//EN"
    "http://www.w3.org/TR/xhtml1/DTD/xhtml1-transitional.dtd">
<html xmlns="http://www.w3.org/1999/xhtml" xml:lang="en" lang="en">
 <head>
  <title>
</title>
<meta http-equiv="Content-Type" content="text/html;charset=utf-8" />
  <meta name='ocr-system' content='tesseract 3.04.00' />
  <meta name='ocr-capabilities' content='ocr_page ocr_carea ocr_par ocr_line ocrx_word'/>
</head>
<body>
  <div class='ocr_page' id='page_1' title='image "./oratorumgrcorum01reisgoog_0305.png"; bbox 0 0 2917 4742; ppageno 0'>
   <div class='ocr_carea' id='block_1_1' title="bbox 130 327 1169 504">
    <p class='ocr_par' dir='ltr' id='par_1_1' title="bbox 130 327 1169 504">
     <span class='ocr_line' id='line_1_1' title="bbox 130 327 1169 504; baseline 0.002 -58"><span class='ocrx_word' id='word_1_1' title='bbox 130 404 134 411; x_wconf 89' lang='lat'><strong>·</strong></span> <span class='ocrx_word' id='word_1_2' title='bbox 265 426 278 483; x_wconf 62' lang='lat' dir='ltr'>s</span> <span class='ocrx_word' id='word_1_3' title='bbox 327 368 477 467; x_wconf 62' lang='lat' dir='ltr'>isias</span> <span class='ocrx_word' id='word_1_4' title='bbox 517 342 891 500; x_wconf 67' lang='lat' dir='ltr'>*irritentur</span> <span class='ocrx_word' id='word_1_5' title='bbox 908 327 1121 504; x_wconf 54' lang='lat' dir='ltr'>,w‘otrir</span> <span class='ocrx_word' id='word_1_6' title='bbox 1156 420 1169 484; x_wconf 62' lang='lat' dir='ltr'><strong><em>s</em></strong></span> 
     </span>
    </p>
   </div>
   <div class='ocr_carea' id='block_1_2' title="bbox 123 554 1367 4203">
    <p class='ocr_par' dir='ltr' id='par_1_2' title="bbox 123 554 1367 4203">
     <span class='ocr_line' id='line_1_2' title="bbox 332 554 1367 639; baseline 0.001 -19"><span class='ocrx_word' id='word_1_7' title='bbox 332 556 460 637; x_wconf 72' lang='lat' dir='ltr'>eqeteris</span> <span class='ocrx_word' id='word_1_8' title='bbox 471 556 651 635; x_wconf 76' lang='lat' dir='ltr'>antecellis·</span> <span class='ocrx_word' id='word_1_9' title='bbox 681 554 752 631; x_wconf 84' lang='lat' dir='ltr'>Qua</span> <span class='ocrx_word' id='word_1_10' title='bbox 764 576 797 618; x_wconf 92' lang='lat' dir='ltr'>re</span> <span class='ocrx_word' id='word_1_11' title='bbox 811 560 871 639; x_wconf 80' lang='lat' dir='ltr'>ego</span> <span class='ocrx_word' id='word_1_12' title='bbox 880 554 978 621; x_wconf 79' lang='lat' dir='ltr'>stetur</span> <span class='ocrx_word' id='word_1_13' title='bbox 993 574 1024 620; x_wconf 88' lang='lat' dir='ltr'>et</span> <span class='ocrx_word' id='word_1_14' title='bbox 1038 557 1212 621; x_wconf 72' lang='lat' dir='ltr'>eruditione</span> <span class='ocrx_word' id='word_1_15' title='bbox 1230 572 1284 621; x_wconf 87' lang='lat' dir='ltr'>tua</span> <span class='ocrx_word' id='word_1_16' title='bbox 1293 562 1367 639; x_wconf 62' lang='lat' dir='ltr'>,3eb</span> 
     </span>
     <span class='ocr_line' id='line_1_3' title="bbox 221 636 1367 721; baseline -0.009 -15"><span class='ocrx_word' id='word_1_17' title='bbox 221 656 229 671; x_wconf 73' lang='lat'>¹</span> <span class='ocrx_word' id='word_1_18' title='bbox 331 640 520 707; x_wconf 80' lang='lat' dir='ltr'>humanitate</span> <span class='ocrx_word' id='word_1_19' title='bbox 530 637 687 721; x_wconf 81' lang='lat' dir='ltr'>singulari,</span> <span class='ocrx_word' id='word_1_20' title='bbox 710 658 800 719; x_wconf 87' lang='lat' dir='ltr'>quain</span> <span class='ocrx_word' id='word_1_21' title='bbox 812 637 1103 716; x_wconf 75' lang='lat' dir='ltr'>honestiffimusjvir,</span> <span class='ocrx_word' id='word_1_22' title='bbox 1128 636 1367 721; x_wconf 73' lang='lat' dir='ltr'>GeirgrarHer.³</span> 
     </span>
     <span class='ocr_line' id='line_1_4' title="bbox 228 718 1367 807; baseline -0.004 -21"><span class='ocrx_word' id='word_1_23' title='bbox 228 768 234 775; x_wconf 90' lang='lat'><em>-</em></span> <span class='ocrx_word' id='word_1_24' title='bbox 332 740 460 799; x_wconf 70' lang='lat' dir='ltr'>minim,</span> <span class='ocrx_word' id='word_1_25' title='bbox 480 722 533 802; x_wconf 90' lang='lat' dir='ltr'>qui</span> <span class='ocrx_word' id='word_1_26' title='bbox 544 718 601 798; x_wconf 85' lang='lat' dir='ltr'>(it</span> <span class='ocrx_word' id='word_1_27' title='bbox 614 741 653 783; x_wconf 89' lang='lat' dir='ltr'>eo</span> <span class='ocrx_word' id='word_1_28' title='bbox 667 722 793 805; x_wconf 76' lang='lat' dir='ltr'>dignuin</span> <span class='ocrx_word' id='word_1_29' title='bbox 808 722 859 797; x_wconf 86' lang='lat' dir='ltr'>esi,</span> <span class='ocrx_word' id='word_1_30' title='bbox 877 724 929 806; x_wconf 90' lang='lat' dir='ltr'>qiii</span> <span class='ocrx_word' id='word_1_31' title='bbox 942 726 1085 807; x_wconf 82' lang='lat' dir='ltr'>virtutem</span> <span class='ocrx_word' id='word_1_32' title='bbox 1098 740 1130 785; x_wconf 87' lang='lat' dir='ltr'>et</span> <span class='ocrx_word' id='word_1_33' title='bbox 1143 724 1367 787; x_wconf 82' lang='lat' dir='ltr'>eruditionem</span> 
     </span>
     <span class='ocr_line' id='line_1_5' title="bbox 330 802 1367 885; baseline -0.004 -18"><span class='ocrx_word' id='word_1_34' title='bbox 330 826 404 874; x_wconf 82' lang='lat' dir='ltr'>eum</span> <span class='ocrx_word' id='word_1_35' title='bbox 418 823 542 868; x_wconf 87' lang='lat' dir='ltr'>natutae</span> <span class='ocrx_word' id='word_1_36' title='bbox 555 804 757 885; x_wconf 66' lang='lat' dir='ltr'><strong>fortunaeque</strong></span> <span class='ocrx_word' id='word_1_37' title='bbox 772 808 955 867; x_wconf 68' lang='lat' dir='ltr'>ornamentis</span> <span class='ocrx_word' id='word_1_38' title='bbox 967 802 1144 882; x_wconf 83' lang='lat' dir='ltr'>coniuniiit)</span> <span class='ocrx_word' id='word_1_39' title='bbox 1157 808 1238 869; x_wconf 87' lang='lat' dir='ltr'>inter</span> <span class='ocrx_word' id='word_1_40' title='bbox 1253 824 1367 867; x_wconf 61' lang='lat' dir='ltr'>caetea</span> 
     </span>
     <span class='ocr_line' id='line_1_6' title="bbox 179 882 1367 968; baseline -0.004 -12"><span class='ocrx_word' id='word_1_41' title='bbox 179 953 181 956; x_wconf 86' lang='lat'>.</span> <span class='ocrx_word' id='word_1_42' title='bbox 332 898 386 956; x_wconf 82' lang='lat' dir='ltr'>roa</span> <span class='ocrx_word' id='word_1_43' title='bbox 401 884 558 961; x_wconf 74' lang='lat' dir='ltr'>studiosos,</span> <span class='ocrx_word' id='word_1_44' title='bbox 584 887 694 967; x_wconf 87' lang='lat' dir='ltr'>quibus</span> <span class='ocrx_word' id='word_1_45' title='bbox 710 882 814 949; x_wconf 89' lang='lat' dir='ltr'>sedulo</span> <span class='ocrx_word' id='word_1_46' title='bbox 839 885 1006 961; x_wconf 81' lang='lat' dir='ltr'>consultum</span> <span class='ocrx_word' id='word_1_47' title='bbox 1033 892 1114 967; x_wconf 84' lang='lat' dir='ltr'>vult,</span> <span class='ocrx_word' id='word_1_48' title='bbox 1146 910 1208 950; x_wconf 68' lang='lat' dir='ltr'>me¹</span> <span class='ocrx_word' id='word_1_49' title='bbox 1222 896 1367 968; x_wconf 70' lang='lat' dir='ltr'>quoque}</span> 
     </span>
     <span class='ocr_line' id='line_1_7' title="bbox 261 967 1367 1055; baseline -0.005 -21"><span class='ocrx_word' id='word_1_50' title='bbox 261 969 265 975; x_wconf 77' lang='grc'><strong>’</strong></span> <span class='ocrx_word' id='word_1_51' title='bbox 328 992 441 1055; x_wconf 80' lang='lat' dir='ltr'>magna</span> <span class='ocrx_word' id='word_1_52' title='bbox 460 971 677 1034; x_wconf 63' lang='lat' dir='ltr'>benevolentia</span> <span class='ocrx_word' id='word_1_53' title='bbox 698 967 902 1053; x_wconf 78' lang='lat' dir='ltr'>prosequitur,</span> <span class='ocrx_word' id='word_1_54' title='bbox 934 974 1044 1035; x_wconf 89' lang='lat' dir='ltr'>mirum</span> <span class='ocrx_word' id='word_1_55' title='bbox 1065 974 1100 1035; x_wconf 92' lang='lat' dir='ltr'>in</span> <span class='ocrx_word' id='word_1_56' title='bbox 1124 970 1248 1041; x_wconf 87' lang='lat' dir='ltr'>niodum</span> <span class='ocrx_word' id='word_1_57' title='bbox 1271 972 1367 1033; x_wconf 76' lang='lat' dir='ltr'>naiht</span> 
     </span>
     <span class='ocr_line' id='line_1_8' title="bbox 206 1040 1363 1139; baseline -0.003 -20"><span class='ocrx_word' id='word_1_58' title='bbox 206 1077 238 1119; x_wconf 81' lang='grc'>,’</span> <span class='ocrx_word' id='word_1_59' title='bbox 333 1055 534 1139; x_wconf 84' lang='lat' dir='ltr'>praedicauit:</span> <span class='ocrx_word' id='word_1_60' title='bbox 565 1071 598 1115; x_wconf 90' lang='lat' dir='ltr'>te</span> <span class='ocrx_word' id='word_1_61' title='bbox 616 1074 679 1116; x_wconf 91' lang='lat' dir='ltr'>non</span> <span class='ocrx_word' id='word_1_62' title='bbox 703 1053 795 1115; x_wconf 89' lang='lat' dir='ltr'>modo</span> <span class='ocrx_word' id='word_1_63' title='bbox 818 1040 978 1131; x_wconf 69' lang='lat' dir='ltr'>patronum</span> <span class='ocrx_word' id='word_1_64' title='bbox 1006 1072 1036 1117; x_wconf 89' lang='lat' dir='ltr'>et</span> <span class='ocrx_word' id='word_1_65' title='bbox 1056 1052 1263 1127; x_wconf 83' lang='lat' dir='ltr'>defensorem,</span> <span class='ocrx_word' id='word_1_66' title='bbox 1300 1050 1363 1115; x_wconf 88' lang='lat' dir='ltr'>sed</span> 
     </span>
     <span class='ocr_line' id='line_1_9' title="bbox 301 1132 1367 1218; baseline -0.007 -13"><span class='ocrx_word' id='word_1_67' title='bbox 301 1170 303 1176; x_wconf 95' lang='lat'>·</span> <span class='ocrx_word' id='word_1_68' title='bbox 328 1141 424 1205; x_wconf 84' lang='lat' dir='ltr'>etiam</span> <span class='ocrx_word' id='word_1_69' title='bbox 444 1138 575 1199; x_wconf 91' lang='lat' dir='ltr'>iudicem</span> <span class='ocrx_word' id='word_1_70' title='bbox 594 1152 626 1198; x_wconf 92' lang='lat' dir='ltr'>et</span> <span class='ocrx_word' id='word_1_71' title='bbox 645 1132 802 1199; x_wconf 80' lang='lat' dir='ltr'>censorem</span> <span class='ocrx_word' id='word_1_72' title='bbox 821 1137 1064 1204; x_wconf 80' lang='lat' dir='ltr'>lucubrationum</span> <span class='ocrx_word' id='word_1_73' title='bbox 1084 1156 1220 1203; x_wconf 90' lang='lat' dir='ltr'>mearum</span> <span class='ocrx_word' id='word_1_74' title='bbox 1237 1138 1367 1218; x_wconf 76' lang='lat' dir='ltr'>delegii</span> 
     </span>
     <span class='ocr_line' id='line_1_10' title="bbox 151 1210 1367 1320; baseline -0.002 -38"><span class='ocrx_word' id='word_1_75' title='bbox 151 1220 156 1233; x_wconf 82' lang='grc'><em>“</em></span> <span class='ocrx_word' id='word_1_76' title='bbox 246 1250 252 1261; x_wconf 84' lang='lat'><strong>·</strong></span> <span class='ocrx_word' id='word_1_77' title='bbox 283 1288 291 1307; x_wconf 72' lang='lat'>,</span> <span class='ocrx_word' id='word_1_78' title='bbox 334 1228 382 1288; x_wconf 85' lang='lat' dir='ltr'>Ac</span> <span class='ocrx_word' id='word_1_79' title='bbox 396 1221 478 1320; x_wconf 80' lang='lat' dir='ltr'>quod</span> <span class='ocrx_word' id='word_1_80' title='bbox 493 1214 639 1300; x_wconf 80' lang='lat' dir='ltr'>adipsum</span> <span class='ocrx_word' id='word_1_81' title='bbox 653 1210 893 1281; x_wconf 79' lang='lat' dir='ltr'>Demosthenem</span> <span class='ocrx_word' id='word_1_82' title='bbox 908 1224 1024 1297; x_wconf 86' lang='lat' dir='ltr'>attinet,</span> <span class='ocrx_word' id='word_1_83' title='bbox 1045 1242 1081 1283; x_wconf 92' lang='lat' dir='ltr'>ea</span> <span class='ocrx_word' id='word_1_84' title='bbox 1096 1222 1139 1285; x_wconf 89' lang='lat' dir='ltr'>est</span> <span class='ocrx_word' id='word_1_85' title='bbox 1153 1222 1193 1283; x_wconf 90' lang='lat' dir='ltr'>de</span> <span class='ocrx_word' id='word_1_86' title='bbox 1206 1220 1272 1283; x_wconf 84' lang='lat' dir='ltr'>eius</span> <span class='ocrx_word' id='word_1_87' title='bbox 1286 1218 1367 1301; x_wconf 57' lang='lat' dir='ltr'>elo-J</span> 
     </span>
     <span class='ocr_line' id='line_1_11' title="bbox 137 1297 1367 1387; baseline -0.002 -19"><span class='ocrx_word' id='word_1_88' title='bbox 137 1297 139 1313; x_wconf 68' lang='lat'>¹</span> <span class='ocrx_word' id='word_1_89' title='bbox 173 1350 178 1368; x_wconf 90' lang='lat'>.</span> <span class='ocrx_word' id='word_1_90' title='bbox 227 1337 233 1342; x_wconf 95' lang='lat'><em>·</em></span> <span class='ocrx_word' id='word_1_91' title='bbox 329 1306 472 1387; x_wconf 78' lang='lat' dir='ltr'>quentia,</span> <span class='ocrx_word' id='word_1_92' title='bbox 492 1322 531 1365; x_wconf 90' lang='lat' dir='ltr'>ex</span> <span class='ocrx_word' id='word_1_93' title='bbox 544 1321 605 1382; x_wconf 91' lang='lat' dir='ltr'>quo</span> <span class='ocrx_word' id='word_1_94' title='bbox 617 1320 756 1383; x_wconf 89' lang='lat' dir='ltr'>tempore</span> <span class='ocrx_word' id='word_1_95' title='bbox 770 1304 858 1379; x_wconf 86' lang='lat' dir='ltr'>vixit,</span> <span class='ocrx_word' id='word_1_96' title='bbox 878 1306 965 1366; x_wconf 87' lang='lat' dir='ltr'>annis</span> <span class='ocrx_word' id='word_1_97' title='bbox 979 1304 1089 1367; x_wconf 83' lang='lat' dir='ltr'>abhinc</span> <span class='ocrx_word' id='word_1_98' title='bbox 1105 1303 1175 1367; x_wconf 89' lang='lat' dir='ltr'>sere</span> <span class='ocrx_word' id='word_1_99' title='bbox 1195 1303 1240 1365; x_wconf 87' lang='lat' dir='ltr'>bis</span> <span class='ocrx_word' id='word_1_100' title='bbox 1263 1304 1367 1365; x_wconf 62' lang='lat' dir='ltr'>mille?</span> 
     </span>
     <span class='ocr_line' id='line_1_12' title="bbox 171 1383 1367 1469; baseline 0 -21"><span class='ocrx_word' id='word_1_101' title='bbox 171 1438 174 1448; x_wconf 83' lang='grc'><em>,</em></span> <span class='ocrx_word' id='word_1_102' title='bbox 280 1443 282 1448; x_wconf 92' lang='grc'>.</span> <span class='ocrx_word' id='word_1_103' title='bbox 356 1388 493 1468; x_wconf 73' lang='lat' dir='ltr'>iaecepta</span> <span class='ocrx_word' id='word_1_104' title='bbox 506 1386 628 1467; x_wconf 87' lang='lat' dir='ltr'>opinio,</span> <span class='ocrx_word' id='word_1_105' title='bbox 646 1402 687 1461; x_wconf 86' lang='lat' dir='ltr'>vt,</span> <span class='ocrx_word' id='word_1_106' title='bbox 709 1385 844 1465; x_wconf 84' lang='lat' dir='ltr'>quotide</span> <span class='ocrx_word' id='word_1_107' title='bbox 859 1387 987 1469; x_wconf 83' lang='lat' dir='ltr'>Virgilio</span> <span class='ocrx_word' id='word_1_108' title='bbox 1002 1389 1122 1467; x_wconf 80' lang='lat' dir='ltr'>quidam</span> <span class='ocrx_word' id='word_1_109' title='bbox 1139 1383 1303 1466; x_wconf 85' lang='lat' dir='ltr'>usurpant,</span> <span class='ocrx_word' id='word_1_110' title='bbox 1327 1384 1367 1448; x_wconf 56' lang='lat' dir='ltr'>idi</span> 
     </span>
     <span class='ocr_line' id='line_1_13' title="bbox 192 1409 1367 1550; baseline -0.003 -16"><span class='ocrx_word' id='word_1_111' title='bbox 192 1468 195 1486; x_wconf 85' lang='lat'>&#39;</span> <span class='ocrx_word' id='word_1_112' title='bbox 328 1409 404 1535; x_wconf 63' lang='lat' dir='ltr'>huic</span> <span class='ocrx_word' id='word_1_113' title='bbox 417 1488 541 1550; x_wconf 87' lang='lat' dir='ltr'>quoque</span> <span class='ocrx_word' id='word_1_114' title='bbox 554 1469 649 1530; x_wconf 87' lang='lat' dir='ltr'>tribui</span> <span class='ocrx_word' id='word_1_115' title='bbox 660 1469 762 1547; x_wconf 88' lang='lat' dir='ltr'>possit:</span> <span class='ocrx_word' id='word_1_116' title='bbox 782 1470 811 1531; x_wconf 88' lang='lat' dir='ltr'>ei</span> <span class='ocrx_word' id='word_1_117' title='bbox 827 1488 884 1531; x_wconf 86' lang='lat' dir='ltr'>net</span> <span class='ocrx_word' id='word_1_118' title='bbox 906 1470 1049 1533; x_wconf 81' lang='lat' dir='ltr'>accedere</span> <span class='ocrx_word' id='word_1_119' title='bbox 1070 1472 1229 1550; x_wconf 85' lang='lat' dir='ltr'>quicquam</span> <span class='ocrx_word' id='word_1_120' title='bbox 1246 1469 1367 1531; x_wconf 70' lang='lat' dir='ltr'>laticla-</span> 
     </span>
     <span class='ocr_line' id='line_1_14' title="bbox 207 1550 1367 1631; baseline -0.005 -12"><span class='ocrx_word' id='word_1_121' title='bbox 207 1609 226 1626; x_wconf 75' lang='grc'>,,</span> <span class='ocrx_word' id='word_1_122' title='bbox 254 1628 257 1631; x_wconf 9' lang='grc' dir='ltr'><em>Α</em></span> <span class='ocrx_word' id='word_1_123' title='bbox 329 1553 483 1627; x_wconf 84' lang='lat' dir='ltr'>tionibus,</span> <span class='ocrx_word' id='word_1_124' title='bbox 501 1571 559 1613; x_wconf 88' lang='lat' dir='ltr'>nec</span> <span class='ocrx_word' id='word_1_125' title='bbox 573 1550 723 1614; x_wconf 86' lang='lat' dir='ltr'>decedere</span> <span class='ocrx_word' id='word_1_126' title='bbox 742 1552 1013 1631; x_wconf 84' lang='lat' dir='ltr'>vituperationibus</span> <span class='ocrx_word' id='word_1_127' title='bbox 1034 1556 1170 1615; x_wconf 89' lang='lat' dir='ltr'>alioruin.</span> <span class='ocrx_word' id='word_1_128' title='bbox 1211 1552 1367 1627; x_wconf 83' lang='lat' dir='ltr'>Quodsi</span> 
     </span>
     <span class='ocr_line' id='line_1_15' title="bbox 328 1632 1367 1718; baseline -0.004 -19"><span class='ocrx_word' id='word_1_129' title='bbox 328 1640 399 1718; x_wconf 90' lang='lat' dir='ltr'>quis</span> <span class='ocrx_word' id='word_1_130' title='bbox 413 1637 479 1697; x_wconf 90' lang='lat' dir='ltr'>eius</span> <span class='ocrx_word' id='word_1_131' title='bbox 493 1632 663 1697; x_wconf 80' lang='lat' dir='ltr'>laudatores</span> <span class='ocrx_word' id='word_1_132' title='bbox 684 1634 832 1715; x_wconf 89' lang='lat' dir='ltr'>requirat,</span> <span class='ocrx_word' id='word_1_133' title='bbox 855 1636 890 1699; x_wconf 89' lang='lat' dir='ltr'>in</span> <span class='ocrx_word' id='word_1_134' title='bbox 912 1656 1031 1715; x_wconf 89' lang='lat' dir='ltr'>promtu</span> <span class='ocrx_word' id='word_1_135' title='bbox 1056 1634 1124 1699; x_wconf 90' lang='lat' dir='ltr'>sunt</span> <span class='ocrx_word' id='word_1_136' title='bbox 1141 1633 1262 1716; x_wconf 78' lang='lat' dir='ltr'>praeter</span> <span class='ocrx_word' id='word_1_137' title='bbox 1285 1654 1367 1696; x_wconf 64' lang='lat' dir='ltr'>cae-2</span> 
     </span>
     <span class='ocr_line' id='line_1_16' title="bbox 258 1713 1364 1795; baseline 0.001 -14"><span class='ocrx_word' id='word_1_138' title='bbox 258 1726 264 1737; x_wconf 91' lang='lat'>&#39;</span> <span class='ocrx_word' id='word_1_139' title='bbox 325 1734 402 1785; x_wconf 76' lang='lat' dir='ltr'>tera..</span> <span class='ocrx_word' id='word_1_140' title='bbox 416 1716 576 1781; x_wconf 83' lang='lat' dir='ltr'>Ciceronis</span> <span class='ocrx_word' id='word_1_141' title='bbox 587 1734 619 1778; x_wconf 90' lang='lat' dir='ltr'>et</span> <span class='ocrx_word' id='word_1_142' title='bbox 628 1713 816 1788; x_wconf 75' lang='lat' dir='ltr'>&#39;Quintiliani</span> <span class='ocrx_word' id='word_1_143' title='bbox 828 1720 999 1795; x_wconf 84' lang='lat' dir='ltr'>latinorum,</span> <span class='ocrx_word' id='word_1_144' title='bbox 1013 1719 1163 1783; x_wconf 83' lang='lat' dir='ltr'>Plutarchi</span> <span class='ocrx_word' id='word_1_145' title='bbox 1175 1739 1208 1779; x_wconf 92' lang='lat' dir='ltr'>ac</span> <span class='ocrx_word' id='word_1_146' title='bbox 1222 1719 1364 1782; x_wconf 86' lang='lat' dir='ltr'>Luciani</span> 
     </span>
     <span class='ocr_line' id='line_1_17' title="bbox 324 1796 1363 1884; baseline -0.001 -20"><span class='ocrx_word' id='word_1_147' title='bbox 324 1820 504 1884; x_wconf 80' lang='lat' dir='ltr'>graecomm</span> <span class='ocrx_word' id='word_1_148' title='bbox 512 1796 806 1881; x_wconf 65' lang='lat' dir='ltr'>testimonia,&#39;quae</span> <span class='ocrx_word' id='word_1_149' title='bbox 826 1800 863 1862; x_wconf 90' lang='lat' dir='ltr'>ad</span> <span class='ocrx_word' id='word_1_150' title='bbox 882 1796 1044 1865; x_wconf 83' lang='lat' dir='ltr'>secundum</span> <span class='ocrx_word' id='word_1_151' title='bbox 1057 1802 1150 1865; x_wconf 88' lang='lat' dir='ltr'>nollii</span> <span class='ocrx_word' id='word_1_152' title='bbox 1162 1800 1271 1863; x_wconf 75' lang='lat' dir='ltr'>liboris</span> <span class='ocrx_word' id='word_1_153' title='bbox 1289 1806 1363 1863; x_wconf 89' lang='lat' dir='ltr'>To·</span> 
     </span>
     <span class='ocr_line' id='line_1_18' title="bbox 249 1881 1367 1967; baseline 0.004 -24"><span class='ocrx_word' id='word_1_154' title='bbox 249 1928 256 1943; x_wconf 78' lang='grc'><strong><em>,</em></strong></span> <span class='ocrx_word' id='word_1_155' title='bbox 326 1904 413 1950; x_wconf 88' lang='lat' dir='ltr'>mum</span> <span class='ocrx_word' id='word_1_156' title='bbox 426 1881 659 1957; x_wconf 83' lang='lat' dir='ltr'>iesemauimus,</span> <span class='ocrx_word' id='word_1_157' title='bbox 679 1884 733 1964; x_wconf 90' lang='lat' dir='ltr'>qui</span> <span class='ocrx_word' id='word_1_158' title='bbox 749 1884 873 1967; x_wconf 87' lang='lat' dir='ltr'>leiani</span> <span class='ocrx_word' id='word_1_159' title='bbox 891 1887 1112 1963; x_wconf 85' lang='lat' dir='ltr'>enarrationes,</span> <span class='ocrx_word' id='word_1_160' title='bbox 1131 1882 1367 1949; x_wconf 66' lang='lat' dir='ltr'>annotationes</span> 
     </span>
     <span class='ocr_line' id='line_1_19' title="bbox 323 1962 1367 2045; baseline -0.002 -14"><span class='ocrx_word' id='word_1_161' title='bbox 323 1970 403 2037; x_wconf 87' lang='lat' dir='ltr'>item</span> <span class='ocrx_word' id='word_1_162' title='bbox 424 1966 536 2029; x_wconf 83' lang='lat' dir='ltr'>nostras</span> <span class='ocrx_word' id='word_1_163' title='bbox 555 1967 589 2027; x_wconf 92' lang='lat' dir='ltr'>in</span> <span class='ocrx_word' id='word_1_164' title='bbox 609 1962 778 2029; x_wconf 87' lang='lat' dir='ltr'>obscuriora</span> <span class='ocrx_word' id='word_1_165' title='bbox 798 1968 862 2028; x_wconf 93' lang='lat' dir='ltr'>loca</span> <span class='ocrx_word' id='word_1_166' title='bbox 882 1984 914 2029; x_wconf 90' lang='lat' dir='ltr'>et</span> <span class='ocrx_word' id='word_1_167' title='bbox 931 1968 1035 2045; x_wconf 88' lang='lat' dir='ltr'>dubia,</span> <span class='ocrx_word' id='word_1_168' title='bbox 1064 1988 1122 2030; x_wconf 88' lang='lat' dir='ltr'>net</span> <span class='ocrx_word' id='word_1_169' title='bbox 1137 1968 1270 2030; x_wconf 84' lang='lat' dir='ltr'>nonalia</span> <span class='ocrx_word' id='word_1_170' title='bbox 1285 1966 1367 2035; x_wconf 49' lang='lat' dir='ltr'>sfir-¹</span> 
     </span>
     <span class='ocr_line' id='line_1_20' title="bbox 324 2048 1367 2133; baseline 0.002 -22"><span class='ocrx_word' id='word_1_171' title='bbox 324 2048 399 2117; x_wconf 76' lang='lat' dir='ltr'>tasse</span> <span class='ocrx_word' id='word_1_172' title='bbox 412 2049 596 2124; x_wconf 81' lang='lat' dir='ltr'>continebit,</span> <span class='ocrx_word' id='word_1_173' title='bbox 616 2050 739 2128; x_wconf 86' lang='lat' dir='ltr'>quaein</span> <span class='ocrx_word' id='word_1_174' title='bbox 755 2048 800 2110; x_wconf 89' lang='lat' dir='ltr'>his</span> <span class='ocrx_word' id='word_1_175' title='bbox 815 2050 1017 2133; x_wconf 82' lang='lat' dir='ltr'>paedagogiae</span> <span class='ocrx_word' id='word_1_176' title='bbox 1032 2050 1175 2115; x_wconf 85' lang='lat' dir='ltr'>molestiis</span> <span class='ocrx_word' id='word_1_177' title='bbox 1197 2069 1226 2113; x_wconf 88' lang='lat' dir='ltr'>et</span> <span class='ocrx_word' id='word_1_178' title='bbox 1248 2051 1367 2130; x_wconf 65' lang='lat' dir='ltr'>impe-i</span> 
     </span>
     <span class='ocr_line' id='line_1_21' title="bbox 328 2127 1367 2217; baseline -0.005 -18"><span class='ocrx_word' id='word_1_179' title='bbox 328 2134 474 2199; x_wconf 74' lang='lat' dir='ltr'>diruentis</span> <span class='ocrx_word' id='word_1_180' title='bbox 493 2131 531 2194; x_wconf 92' lang='lat' dir='ltr'>sic</span> <span class='ocrx_word' id='word_1_181' title='bbox 553 2153 571 2193; x_wconf 86' lang='lat' dir='ltr'>a</span> <span class='ocrx_word' id='word_1_182' title='bbox 590 2150 641 2192; x_wconf 87' lang='lat' dir='ltr'>me</span> <span class='ocrx_word' id='word_1_183' title='bbox 655 2127 768 2192; x_wconf 92' lang='lat' dir='ltr'>absolui</span> <span class='ocrx_word' id='word_1_184' title='bbox 783 2151 846 2193; x_wconf 89' lang='lat' dir='ltr'>non</span> <span class='ocrx_word' id='word_1_185' title='bbox 861 2150 1042 2214; x_wconf 88' lang='lat' dir='ltr'>potuerunt,</span> <span class='ocrx_word' id='word_1_186' title='bbox 1061 2153 1092 2207; x_wconf 79' lang='lat' dir='ltr'>iit</span> <span class='ocrx_word' id='word_1_187' title='bbox 1113 2154 1195 2197; x_wconf 89' lang='lat' dir='ltr'>nunc</span> <span class='ocrx_word' id='word_1_188' title='bbox 1214 2128 1367 2217; x_wconf 32' lang='lat' dir='ltr'>‚ederes-3</span> 
     </span>
     <span class='ocr_line' id='line_1_22' title="bbox 323 2214 1367 2300; baseline 0.002 -21"><span class='ocrx_word' id='word_1_189' title='bbox 323 2236 384 2293; x_wconf 88' lang='lat' dir='ltr'>tur,</span> <span class='ocrx_word' id='word_1_190' title='bbox 403 2234 575 2297; x_wconf 87' lang='lat' dir='ltr'>quanquam</span> <span class='ocrx_word' id='word_1_191' title='bbox 588 2214 620 2275; x_wconf 90' lang='lat' dir='ltr'>id</span> <span class='ocrx_word' id='word_1_192' title='bbox 633 2215 765 2278; x_wconf 77' lang='lat' dir='ltr'>maxime</span> <span class='ocrx_word' id='word_1_193' title='bbox 778 2214 944 2278; x_wconf 82' lang='lat' dir='ltr'>voluissem.</span> <span class='ocrx_word' id='word_1_194' title='bbox 956 2240 971 2299; x_wconf 67' lang='lat' dir='ltr'><em>j</em></span> <span class='ocrx_word' id='word_1_195' title='bbox 983 2220 1092 2300; x_wconf 86' lang='lat' dir='ltr'>Neque</span> <span class='ocrx_word' id='word_1_196' title='bbox 1106 2216 1181 2279; x_wconf 89' lang='lat' dir='ltr'>mihi</span> <span class='ocrx_word' id='word_1_197' title='bbox 1196 2236 1278 2278; x_wconf 86' lang='lat' dir='ltr'>nnnc</span> <span class='ocrx_word' id='word_1_198' title='bbox 1298 2220 1367 2285; x_wconf 83' lang='lat' dir='ltr'>vel]</span> 
     </span>
     <span class='ocr_line' id='line_1_23' title="bbox 247 2296 1367 2381; baseline 0.002 -19"><span class='ocrx_word' id='word_1_199' title='bbox 247 2347 249 2350; x_wconf 85' lang='lat'>-</span> <span class='ocrx_word' id='word_1_200' title='bbox 323 2320 459 2373; x_wconf 85' lang='lat' dir='ltr'>morum,</span> <span class='ocrx_word' id='word_1_201' title='bbox 477 2299 527 2360; x_wconf 86' lang='lat' dir='ltr'>iel</span> <span class='ocrx_word' id='word_1_202' title='bbox 541 2296 731 2358; x_wconf 87' lang='lat' dir='ltr'>consiliomm</span> <span class='ocrx_word' id='word_1_203' title='bbox 744 2296 809 2361; x_wconf 89' lang='lat' dir='ltr'>eius</span> <span class='ocrx_word' id='word_1_204' title='bbox 823 2297 1039 2363; x_wconf 75' lang='lat' dir='ltr'>defensionem</span> <span class='ocrx_word' id='word_1_205' title='bbox 1051 2296 1264 2381; x_wconf 88' lang='lat' dir='ltr'>suscipiendam</span> <span class='ocrx_word' id='word_1_206' title='bbox 1280 2297 1367 2371; x_wconf 58' lang='lat' dir='ltr'>esse}</span> 
     </span>
     <span class='ocr_line' id='line_1_24' title="bbox 320 2379 1367 2461; baseline 0.002 -14"><span class='ocrx_word' id='word_1_207' title='bbox 320 2380 452 2448; x_wconf 80' lang='lat' dir='ltr'>censeor</span> <span class='ocrx_word' id='word_1_208' title='bbox 471 2399 522 2445; x_wconf 87' lang='lat' dir='ltr'>aut</span> <span class='ocrx_word' id='word_1_209' title='bbox 534 2400 603 2441; x_wconf 89' lang='lat' dir='ltr'>cum</span> <span class='ocrx_word' id='word_1_210' title='bbox 615 2380 651 2441; x_wconf 86' lang='lat' dir='ltr'>iis</span> <span class='ocrx_word' id='word_1_211' title='bbox 666 2379 833 2457; x_wconf 81' lang='lat' dir='ltr'>rixandum,</span> <span class='ocrx_word' id='word_1_212' title='bbox 849 2384 902 2461; x_wconf 87' lang='lat' dir='ltr'>qni</span> <span class='ocrx_word' id='word_1_213' title='bbox 915 2401 946 2445; x_wconf 87' lang='lat' dir='ltr'>ir</span> <span class='ocrx_word' id='word_1_214' title='bbox 959 2386 1070 2445; x_wconf 89' lang='lat' dir='ltr'>malum</span> <span class='ocrx_word' id='word_1_215' title='bbox 1085 2385 1183 2445; x_wconf 88' lang='lat' dir='ltr'>virum</span> <span class='ocrx_word' id='word_1_216' title='bbox 1197 2398 1227 2461; x_wconf 85' lang='lat' dir='ltr'>et</span> <span class='ocrx_word' id='word_1_217' title='bbox 1242 2380 1367 2449; x_wconf 77' lang='lat' dir='ltr'>ciuem]</span> 
     </span>
     <span class='ocr_line' id='line_1_25' title="bbox 150 2461 1367 2552; baseline -0.001 -22"><span class='ocrx_word' id='word_1_218' title='bbox 150 2532 154 2539; x_wconf 70' lang='grc'><em>,</em></span> <span class='ocrx_word' id='word_1_219' title='bbox 323 2469 443 2552; x_wconf 28' lang='lat' dir='ltr'>patriae·</span> <span class='ocrx_word' id='word_1_220' title='bbox 454 2461 653 2546; x_wconf 86' lang='lat' dir='ltr'>perniciosum</span> <span class='ocrx_word' id='word_1_221' title='bbox 666 2462 755 2539; x_wconf 88' lang='lat' dir='ltr'>hunc,</span> <span class='ocrx_word' id='word_1_222' title='bbox 770 2481 801 2525; x_wconf 84' lang='lat' dir='ltr'>vt</span> <span class='ocrx_word' id='word_1_223' title='bbox 815 2482 846 2527; x_wconf 86' lang='lat' dir='ltr'>et</span> <span class='ocrx_word' id='word_1_224' title='bbox 860 2466 1052 2542; x_wconf 79' lang='lat' dir='ltr'>Ciceronem,</span> <span class='ocrx_word' id='word_1_225' title='bbox 1069 2468 1240 2549; x_wconf 66' lang='lat' dir='ltr'>exagitant,</span> <span class='ocrx_word' id='word_1_226' title='bbox 1257 2465 1354 2529; x_wconf 85' lang='lat' dir='ltr'>illud</span> <span class='ocrx_word' id='word_1_227' title='bbox 1366 2480 1367 2517; x_wconf 86' lang='lat'>1</span> 
     </span>
     <span class='ocr_line' id='line_1_26' title="bbox 250 2542 1353 2629; baseline -0.005 -14"><span class='ocrx_word' id='word_1_228' title='bbox 250 2579 253 2585; x_wconf 91' lang='lat'>·</span> <span class='ocrx_word' id='word_1_229' title='bbox 319 2568 440 2616; x_wconf 85' lang='lat' dir='ltr'>tantum</span> <span class='ocrx_word' id='word_1_230' title='bbox 455 2548 538 2621; x_wconf 82' lang='lat' dir='ltr'>dico,</span> <span class='ocrx_word' id='word_1_231' title='bbox 555 2544 657 2626; x_wconf 85' lang='lat' dir='ltr'>siquis</span> <span class='ocrx_word' id='word_1_232' title='bbox 672 2565 778 2609; x_wconf 82' lang='lat' dir='ltr'>eorum</span> <span class='ocrx_word' id='word_1_233' title='bbox 793 2542 900 2628; x_wconf 88' lang='lat' dir='ltr'>scripta</span> <span class='ocrx_word' id='word_1_234' title='bbox 914 2566 1011 2627; x_wconf 89' lang='lat' dir='ltr'>aequo</span> <span class='ocrx_word' id='word_1_235' title='bbox 1030 2550 1131 2612; x_wconf 87' lang='lat' dir='ltr'>animo</span> <span class='ocrx_word' id='word_1_236' title='bbox 1147 2551 1226 2629; x_wconf 86' lang='lat' dir='ltr'>legat</span> <span class='ocrx_word' id='word_1_237' title='bbox 1241 2566 1273 2611; x_wconf 91' lang='lat' dir='ltr'>et</span> <span class='ocrx_word' id='word_1_238' title='bbox 1291 2569 1353 2609; x_wconf 89' lang='lat' dir='ltr'>ex·</span> 
     </span>
     <span class='ocr_line' id='line_1_27' title="bbox 190 2626 1367 2779; baseline 0.008 -93"><span class='ocrx_word' id='word_1_239' title='bbox 190 2676 195 2686; x_wconf 86' lang='grc'><em>,</em></span> <span class='ocrx_word' id='word_1_240' title='bbox 319 2633 449 2779; x_wconf 49' lang='lat' dir='ltr'>polilipat,</span> <span class='ocrx_word' id='word_1_241' title='bbox 475 2626 650 2714; x_wconf 86' lang='lat' dir='ltr'>praesertim</span> <span class='ocrx_word' id='word_1_242' title='bbox 665 2630 835 2691; x_wconf 87' lang='lat' dir='ltr'>orationem</span> <span class='ocrx_word' id='word_1_243' title='bbox 855 2630 894 2693; x_wconf 91' lang='lat' dir='ltr'>de</span> <span class='ocrx_word' id='word_1_244' title='bbox 916 2650 1041 2695; x_wconf 88' lang='lat' dir='ltr'>corona:</span> <span class='ocrx_word' id='word_1_245' title='bbox 1068 2649 1100 2695; x_wconf 91' lang='lat' dir='ltr'>et</span> <span class='ocrx_word' id='word_1_246' title='bbox 1119 2631 1260 2703; x_wconf 85' lang='lat' dir='ltr'>homines</span> <span class='ocrx_word' id='word_1_247' title='bbox 1287 2631 1367 2709; x_wconf 65' lang='lat' dir='ltr'>e&#39;oa3</span> 
     </span>
     <span class='ocr_line' id='line_1_28' title="bbox 203 2710 1367 2797; baseline -0.006 -17"><span class='ocrx_word' id='word_1_248' title='bbox 203 2717 219 2746; x_wconf 70' lang='grc'>““</span> <span class='ocrx_word' id='word_1_249' title='bbox 320 2718 366 2783; x_wconf 80' lang='lat' dir='ltr'>su&#39;</span> <span class='ocrx_word' id='word_1_250' title='bbox 392 2738 424 2790; x_wconf 89' lang='lat' dir='ltr'>e,</span> <span class='ocrx_word' id='word_1_251' title='bbox 439 2736 516 2793; x_wconf 39' lang='lat' dir='ltr'>‚non</span> <span class='ocrx_word' id='word_1_252' title='bbox 538 2713 627 2787; x_wconf 87' lang='lat' dir='ltr'>deos,</span> <span class='ocrx_word' id='word_1_253' title='bbox 653 2712 779 2795; x_wconf 81' lang='lat' dir='ltr'>cogitet,</span> <span class='ocrx_word' id='word_1_254' title='bbox 804 2732 839 2775; x_wconf 88' lang='lat' dir='ltr'>ac</span> <span class='ocrx_word' id='word_1_255' title='bbox 853 2710 1036 2779; x_wconf 88' lang='lat' dir='ltr'>difficillimis</span> <span class='ocrx_word' id='word_1_256' title='bbox 1059 2716 1245 2797; x_wconf 82' lang='lat' dir='ltr'>temporibus</span> <span class='ocrx_word' id='word_1_257' title='bbox 1266 2732 1367 2779; x_wconf 80' lang='lat' dir='ltr'>cuin</span> 
     </span>
     <span class='ocr_line' id='line_1_29' title="bbox 123 2790 1367 2864; baseline -0.003 -1"><span class='ocrx_word' id='word_1_258' title='bbox 123 2801 130 2809; x_wconf 83' lang='lat'>&#39;</span> <span class='ocrx_word' id='word_1_259' title='bbox 318 2797 510 2864; x_wconf 80' lang='lat' dir='ltr'>acerbissimis</span> <span class='ocrx_word' id='word_1_260' title='bbox 536 2790 708 2857; x_wconf 85' lang='lat' dir='ltr'>aduersariis</span> <span class='ocrx_word' id='word_1_261' title='bbox 737 2794 936 2859; x_wconf 67' lang='lat' dir='ltr'>candidatos:</span> <span class='ocrx_word' id='word_1_262' title='bbox 969 2799 1001 2859; x_wconf 90' lang='lat' dir='ltr'>in</span> <span class='ocrx_word' id='word_1_263' title='bbox 1031 2818 1137 2861; x_wconf 89' lang='lat' dir='ltr'>eorum</span> <span class='ocrx_word' id='word_1_264' title='bbox 1162 2798 1367 2860; x_wconf 77' lang='lat' dir='ltr'>vitreriam</span> 
     </span>
     <span class='ocr_line' id='line_1_30' title="bbox 280 2878 1348 2963; baseline -0.001 -19"><span class='ocrx_word' id='word_1_265' title='bbox 280 2880 289 2896; x_wconf 86' lang='lat'><strong><em>‘</em></strong></span> <span class='ocrx_word' id='word_1_266' title='bbox 344 2886 409 2945; x_wconf 89' lang='lat' dir='ltr'>lura</span> <span class='ocrx_word' id='word_1_267' title='bbox 421 2878 585 2953; x_wconf 86' lang='lat' dir='ltr'>laudanda,</span> <span class='ocrx_word' id='word_1_268' title='bbox 604 2896 694 2957; x_wconf 85' lang='lat' dir='ltr'>quam</span> <span class='ocrx_word' id='word_1_269' title='bbox 710 2878 923 2959; x_wconf 79' lang='lat' dir='ltr'>vituperanda,</span> <span class='ocrx_word' id='word_1_270' title='bbox 940 2884 1076 2963; x_wconf 86' lang='lat' dir='ltr'>reperiri.</span> <span class='ocrx_word' id='word_1_271' title='bbox 1115 2884 1232 2943; x_wconf 84' lang='lat' dir='ltr'>Verum</span> <span class='ocrx_word' id='word_1_272' title='bbox 1244 2902 1348 2961; x_wconf 82' lang='lat' dir='ltr'>quam</span> 
     </span>
     <span class='ocr_line' id='line_1_31' title="bbox 308 2906 1347 3042; baseline -0.002 -13"><span class='ocrx_word' id='word_1_273' title='bbox 308 2906 419 3031; x_wconf 64' lang='lat' dir='ltr'>donus</span> <span class='ocrx_word' id='word_1_274' title='bbox 440 2980 491 3024; x_wconf 88' lang='lat' dir='ltr'>aut</span> <span class='ocrx_word' id='word_1_275' title='bbox 512 2963 606 3024; x_wconf 84' lang='lat' dir='ltr'>nialus</span> <span class='ocrx_word' id='word_1_276' title='bbox 628 2960 673 3023; x_wconf 84' lang='lat' dir='ltr'>vir</span> <span class='ocrx_word' id='word_1_277' title='bbox 690 2956 784 3023; x_wconf 85' lang='lat' dir='ltr'>suerit</span> <span class='ocrx_word' id='word_1_278' title='bbox 801 2961 1039 3042; x_wconf 83' lang='lat' dir='ltr'>Demosthenes,</span> <span class='ocrx_word' id='word_1_279' title='bbox 1056 2964 1089 3029; x_wconf 91' lang='lat' dir='ltr'>id</span> <span class='ocrx_word' id='word_1_280' title='bbox 1102 2962 1347 3038; x_wconf 76' lang='lat' dir='ltr'>Atheniensium</span> 
     </span>
     <span class='ocr_line' id='line_1_32' title="bbox 316 3042 1347 3131; baseline -0.006 -17"><span class='ocrx_word' id='word_1_281' title='bbox 316 3050 394 3114; x_wconf 88' lang='lat' dir='ltr'>olim</span> <span class='ocrx_word' id='word_1_282' title='bbox 408 3043 562 3109; x_wconf 85' lang='lat' dir='ltr'>interluit:</span> <span class='ocrx_word' id='word_1_283' title='bbox 587 3062 670 3105; x_wconf 90' lang='lat' dir='ltr'>nunc</span> <span class='ocrx_word' id='word_1_284' title='bbox 683 3042 783 3125; x_wconf 81' lang='lat' dir='ltr'>nosira</span> <span class='ocrx_word' id='word_1_285' title='bbox 800 3044 877 3106; x_wconf 90' lang='lat' dir='ltr'>nihil</span> <span class='ocrx_word' id='word_1_286' title='bbox 896 3046 1035 3122; x_wconf 88' lang='lat' dir='ltr'>interest,</span> <span class='ocrx_word' id='word_1_287' title='bbox 1056 3050 1106 3131; x_wconf 92' lang='lat' dir='ltr'>qui</span> <span class='ocrx_word' id='word_1_288' title='bbox 1128 3068 1167 3110; x_wconf 89' lang='lat' dir='ltr'>ex</span> <span class='ocrx_word' id='word_1_289' title='bbox 1185 3048 1250 3109; x_wconf 86' lang='lat' dir='ltr'>eius</span> <span class='ocrx_word' id='word_1_290' title='bbox 1273 3049 1347 3108; x_wconf 91' lang='lat' dir='ltr'>elo·</span> 
     </span>
     <span class='ocr_line' id='line_1_33' title="bbox 181 3125 1346 3215; baseline 0.003 -27"><span class='ocrx_word' id='word_1_291' title='bbox 181 3174 185 3188; x_wconf 84' lang='grc'>.</span> <span class='ocrx_word' id='word_1_292' title='bbox 316 3131 444 3215; x_wconf 85' lang='lat' dir='ltr'>quentia</span> <span class='ocrx_word' id='word_1_293' title='bbox 458 3126 638 3208; x_wconf 84' lang='lat' dir='ltr'>prudentiae</span> <span class='ocrx_word' id='word_1_294' title='bbox 650 3125 773 3187; x_wconf 88' lang='lat' dir='ltr'>dicendi</span> <span class='ocrx_word' id='word_1_295' title='bbox 789 3126 1111 3213; x_wconf 73' lang='lat' dir='ltr'>siusiumcoll&#39;igimus.</span> <span class='ocrx_word' id='word_1_296' title='bbox 1151 3132 1186 3191; x_wconf 93' lang='lat' dir='ltr'>ln</span> <span class='ocrx_word' id='word_1_297' title='bbox 1203 3150 1264 3211; x_wconf 89' lang='lat' dir='ltr'>quo</span> <span class='ocrx_word' id='word_1_298' title='bbox 1286 3144 1346 3210; x_wconf 86' lang='lat' dir='ltr'>ge·</span> 
     </span>
     <span class='ocr_line' id='line_1_34' title="bbox 147 3202 1367 3289; baseline -0.001 -11"><span class='ocrx_word' id='word_1_299' title='bbox 147 3214 150 3221; x_wconf 80' lang='lat'>&#39;</span> <span class='ocrx_word' id='word_1_300' title='bbox 200 3202 219 3219; x_wconf 51' lang='grc'><strong>“</strong></span> <span class='ocrx_word' id='word_1_301' title='bbox 300 3234 394 3286; x_wconf 83' lang='lat' dir='ltr'>¹nere</span> <span class='ocrx_word' id='word_1_302' title='bbox 411 3209 478 3274; x_wconf 80' lang='lat' dir='ltr'>lans</span> <span class='ocrx_word' id='word_1_303' title='bbox 499 3205 562 3289; x_wconf 88' lang='lat' dir='ltr'>ipse</span> <span class='ocrx_word' id='word_1_304' title='bbox 582 3206 804 3269; x_wconf 86' lang='lat' dir='ltr'>Demosthenes</span> <span class='ocrx_word' id='word_1_305' title='bbox 825 3206 884 3273; x_wconf 89' lang='lat' dir='ltr'>sese</span> <span class='ocrx_word' id='word_1_306' title='bbox 900 3212 1014 3285; x_wconf 84' lang='lat' dir='ltr'>laudat,</span> <span class='ocrx_word' id='word_1_307' title='bbox 1035 3212 1056 3275; x_wconf 91' lang='lat' dir='ltr'>si</span> <span class='ocrx_word' id='word_1_308' title='bbox 1077 3212 1220 3276; x_wconf 75' lang='lat' dir='ltr'>leiioiem</span> <span class='ocrx_word' id='word_1_309' title='bbox 1238 3210 1345 3279; x_wconf 82' lang='lat' dir='ltr'>suerit</span> <span class='ocrx_word' id='word_1_310' title='bbox 1366 3228 1367 3233; x_wconf 75' lang='grc'>’</span> 
     </span>
     <span class='ocr_line' id='line_1_35' title="bbox 230 3292 1343 3379; baseline -0.008 -12"><span class='ocrx_word' id='word_1_311' title='bbox 230 3360 236 3367; x_wconf 83' lang='lat'><em>.</em></span> <span class='ocrx_word' id='word_1_312' title='bbox 312 3299 417 3363; x_wconf 73' lang='lat' dir='ltr'>nien</span> <span class='ocrx_word' id='word_1_313' title='bbox 431 3292 614 3376; x_wconf 85' lang='lat' dir='ltr'>prudentem</span> <span class='ocrx_word' id='word_1_314' title='bbox 624 3309 661 3353; x_wconf 87' lang='lat' dir='ltr'>..et</span> <span class='ocrx_word' id='word_1_315' title='bbox 672 3308 833 3363; x_wconf 80' lang='lat' dir='ltr'>attentum,</span> <span class='ocrx_word' id='word_1_316' title='bbox 870 3294 937 3357; x_wconf 88' lang='lat' dir='ltr'>Fuit</span> <span class='ocrx_word' id='word_1_317' title='bbox 953 3297 1080 3359; x_wconf 87' lang='lat' dir='ltr'>enimet</span> <span class='ocrx_word' id='word_1_318' title='bbox 1096 3316 1202 3379; x_wconf 88' lang='lat' dir='ltr'>aquarn</span> <span class='ocrx_word' id='word_1_319' title='bbox 1217 3295 1343 3372; x_wconf 87' lang='lat' dir='ltr'>bibere,</span> 
     </span>
     <span class='ocr_line' id='line_1_36' title="bbox 185 3370 1367 3449; baseline -0.008 -1"><span class='ocrx_word' id='word_1_320' title='bbox 185 3431 189 3448; x_wconf 49' lang='lat' dir='ltr'>i</span> <span class='ocrx_word' id='word_1_321' title='bbox 311 3400 347 3445; x_wconf 92' lang='lat' dir='ltr'>et</span> <span class='ocrx_word' id='word_1_322' title='bbox 362 3379 401 3442; x_wconf 91' lang='lat' dir='ltr'>ad</span> <span class='ocrx_word' id='word_1_323' title='bbox 414 3381 569 3439; x_wconf 83' lang='lat' dir='ltr'>lucernam</span> <span class='ocrx_word' id='word_1_324' title='bbox 583 3370 723 3449; x_wconf 88' lang='lat' dir='ltr'>scribere,</span> <span class='ocrx_word' id='word_1_325' title='bbox 743 3377 820 3437; x_wconf 90' lang='lat' dir='ltr'>etin</span> <span class='ocrx_word' id='word_1_326' title='bbox 836 3378 961 3439; x_wconf 85' lang='lat' dir='ltr'>multam</span> <span class='ocrx_word' id='word_1_327' title='bbox 976 3382 1096 3443; x_wconf 71' lang='lat' dir='ltr'>nollem</span> <span class='ocrx_word' id='word_1_328' title='bbox 1109 3380 1343 3442; x_wconf 82' lang='lat' dir='ltr'>lucubrationes</span> <span class='ocrx_word' id='word_1_329' title='bbox 1366 3382 1367 3439; x_wconf 44' lang='lat' dir='ltr'>i</span> 
     </span>
     <span class='ocr_line' id='line_1_37' title="bbox 215 3455 1367 3547; baseline 0 -21"><span class='ocrx_word' id='word_1_330' title='bbox 215 3464 219 3469; x_wconf 88' lang='grc'>’</span> <span class='ocrx_word' id='word_1_331' title='bbox 311 3455 505 3547; x_wconf 71' lang='lat' dir='ltr'>producere3&#39;</span> <span class='ocrx_word' id='word_1_332' title='bbox 520 3476 551 3520; x_wconf 91' lang='lat' dir='ltr'>et</span> <span class='ocrx_word' id='word_1_333' title='bbox 564 3458 743 3534; x_wconf 75' lang='lat' dir='ltr'>antelucana</span> <span class='ocrx_word' id='word_1_334' title='bbox 757 3476 849 3539; x_wconf 87' lang='lat' dir='ltr'>opera</span> <span class='ocrx_word' id='word_1_335' title='bbox 864 3459 987 3540; x_wconf 85' lang='lat' dir='ltr'>opifices</span> <span class='ocrx_word' id='word_1_336' title='bbox 1011 3480 1203 3545; x_wconf 81' lang='lat' dir='ltr'>ariteuertere</span> <span class='ocrx_word' id='word_1_337' title='bbox 1223 3458 1339 3525; x_wconf 88' lang='lat' dir='ltr'>solitus</span> <span class='ocrx_word' id='word_1_338' title='bbox 1366 3476 1367 3525; x_wconf 75' lang='lat'>}</span> 
     </span>
     <span class='ocr_line' id='line_1_38' title="bbox 308 3536 1358 3626; baseline -0.002 -19"><span class='ocrx_word' id='word_1_339' title='bbox 308 3542 545 3612; x_wconf 83' lang='lat' dir='ltr'>Demosthenes.</span> <span class='ocrx_word' id='word_1_340' title='bbox 572 3539 676 3615; x_wconf 88' lang='lat' dir='ltr'>Quare</span> <span class='ocrx_word' id='word_1_341' title='bbox 689 3536 820 3603; x_wconf 90' lang='lat' dir='ltr'>sobrium</span> <span class='ocrx_word' id='word_1_342' title='bbox 837 3543 928 3606; x_wconf 87' lang='lat' dir='ltr'>etiam</span> <span class='ocrx_word' id='word_1_343' title='bbox 943 3562 975 3606; x_wconf 93' lang='lat' dir='ltr'>et</span> <span class='ocrx_word' id='word_1_344' title='bbox 988 3538 1163 3626; x_wconf 85' lang='lat' dir='ltr'>vigilantem</span> <span class='ocrx_word' id='word_1_345' title='bbox 1177 3543 1358 3619; x_wconf 66' lang='lat' dir='ltr'>leiloieni„</span> 
     </span>
     <span class='ocr_line' id='line_1_39' title="bbox 309 3624 1338 3707; baseline 0.002 -18"><span class='ocrx_word' id='word_1_346' title='bbox 309 3650 376 3700; x_wconf 81' lang='lat' dir='ltr'>tion</span> <span class='ocrx_word' id='word_1_347' title='bbox 389 3630 505 3700; x_wconf 88' lang='lat' dir='ltr'>minus,</span> <span class='ocrx_word' id='word_1_348' title='bbox 522 3642 615 3703; x_wconf 83' lang='lat' dir='ltr'>,quam</span> <span class='ocrx_word' id='word_1_349' title='bbox 629 3624 838 3703; x_wconf 85' lang='lat' dir='ltr'>interpretem,</span> <span class='ocrx_word' id='word_1_350' title='bbox 859 3629 993 3703; x_wconf 86' lang='lat' dir='ltr'>requirit,</span> <span class='ocrx_word' id='word_1_351' title='bbox 1014 3630 1066 3707; x_wconf 90' lang='lat' dir='ltr'>qui</span> <span class='ocrx_word' id='word_1_352' title='bbox 1081 3629 1143 3689; x_wconf 85' lang='lat' dir='ltr'>iim</span> <span class='ocrx_word' id='word_1_353' title='bbox 1158 3628 1338 3707; x_wconf 84' lang='lat' dir='ltr'>verborum,</span> 
     </span>
     <span class='ocr_line' id='line_1_40' title="bbox 308 3704 1337 3794; baseline 0.001 -21"><span class='ocrx_word' id='word_1_354' title='bbox 308 3714 364 3794; x_wconf 86' lang='lat' dir='ltr'>qui</span> <span class='ocrx_word' id='word_1_355' title='bbox 377 3708 513 3792; x_wconf 75' lang='lat' dir='ltr'>pondera</span> <span class='ocrx_word' id='word_1_356' title='bbox 525 3704 759 3783; x_wconf 86' lang='lat' dir='ltr'>sententiarum,</span> <span class='ocrx_word' id='word_1_357' title='bbox 780 3708 832 3786; x_wconf 90' lang='lat' dir='ltr'>qui</span> <span class='ocrx_word' id='word_1_358' title='bbox 846 3728 981 3777; x_wconf 65' lang='lat' dir='ltr'>acumen„</span> <span class='ocrx_word' id='word_1_359' title='bbox 991 3707 1196 3786; x_wconf 83' lang='lat' dir='ltr'>inuentionis,</span> <span class='ocrx_word' id='word_1_360' title='bbox 1216 3714 1270 3791; x_wconf 90' lang='lat' dir='ltr'>qui</span> <span class='ocrx_word' id='word_1_361' title='bbox 1286 3734 1337 3774; x_wconf 85' lang='lat' dir='ltr'>ai·</span> 
     </span>
     <span class='ocr_line' id='line_1_41' title="bbox 309 3790 1337 3878; baseline 0.001 -23"><span class='ocrx_word' id='word_1_362' title='bbox 309 3810 527 3878; x_wconf 84' lang='lat' dir='ltr'>gumentorum</span> <span class='ocrx_word' id='word_1_363' title='bbox 537 3790 654 3870; x_wconf 87' lang='lat' dir='ltr'>copiam</span> <span class='ocrx_word' id='word_1_364' title='bbox 674 3806 706 3851; x_wconf 90' lang='lat' dir='ltr'>et</span> <span class='ocrx_word' id='word_1_365' title='bbox 719 3791 912 3865; x_wconf 84' lang='lat' dir='ltr'>violentiam,</span> <span class='ocrx_word' id='word_1_366' title='bbox 935 3794 987 3875; x_wconf 92' lang='lat' dir='ltr'>qui</span> <span class='ocrx_word' id='word_1_367' title='bbox 1001 3796 1210 3875; x_wconf 73' lang='lat' dir='ltr'>exemplorum</span> <span class='ocrx_word' id='word_1_368' title='bbox 1230 3798 1337 3876; x_wconf 79' lang='lat' dir='ltr'>graui·</span> 
     </span>
     <span class='ocr_line' id='line_1_42' title="bbox 225 3870 1367 3959; baseline -0.001 -19"><span class='ocrx_word' id='word_1_369' title='bbox 225 3923 229 3931; x_wconf 71' lang='lat'><em>.</em></span> <span class='ocrx_word' id='word_1_370' title='bbox 307 3896 418 3951; x_wconf 89' lang='lat' dir='ltr'>tatem,</span> <span class='ocrx_word' id='word_1_371' title='bbox 444 3876 498 3954; x_wconf 87' lang='lat' dir='ltr'>qui</span> <span class='ocrx_word' id='word_1_372' title='bbox 520 3870 704 3952; x_wconf 87' lang='lat' dir='ltr'>reipublicae</span> <span class='ocrx_word' id='word_1_373' title='bbox 724 3872 878 3954; x_wconf 81' lang='lat' dir='ltr'>gerendae</span> <span class='ocrx_word' id='word_1_374' title='bbox 896 3872 1065 3953; x_wconf 88' lang='lat' dir='ltr'>scientiam,</span> <span class='ocrx_word' id='word_1_375' title='bbox 1092 3879 1143 3959; x_wconf 88' lang='lat' dir='ltr'>qui</span> <span class='ocrx_word' id='word_1_376' title='bbox 1166 3878 1333 3940; x_wconf 86' lang='lat' dir='ltr'>diuinandi</span> <span class='ocrx_word' id='word_1_377' title='bbox 1366 3936 1367 3939; x_wconf 74' lang='grc'>,</span> 
     </span>
     <span class='ocr_line' id='line_1_43' title="bbox 304 3954 1336 4041; baseline 0 -18"><span class='ocrx_word' id='word_1_378' title='bbox 304 3956 471 4031; x_wconf 85' lang='lat' dir='ltr'>solertiam,</span> <span class='ocrx_word' id='word_1_379' title='bbox 490 3956 544 4035; x_wconf 90' lang='lat' dir='ltr'>qui</span> <span class='ocrx_word' id='word_1_380' title='bbox 556 3956 762 4021; x_wconf 82' lang='lat' dir='ltr'>collocationis</span> <span class='ocrx_word' id='word_1_381' title='bbox 775 3954 934 4030; x_wconf 83' lang='lat' dir='ltr'>artificium</span> <span class='ocrx_word' id='word_1_382' title='bbox 939 4002 949 4034; x_wconf 83' lang='lat'>,</span> <span class='ocrx_word' id='word_1_383' title='bbox 971 3963 1024 4040; x_wconf 90' lang='lat' dir='ltr'>qui</span> <span class='ocrx_word' id='word_1_384' title='bbox 1037 3960 1213 4041; x_wconf 83' lang='lat' dir='ltr'>exquisitam</span> <span class='ocrx_word' id='word_1_385' title='bbox 1226 3960 1336 4023; x_wconf 80' lang='lat' dir='ltr'>smili-</span> 
     </span>
     <span class='ocr_line' id='line_1_44' title="bbox 174 4036 1334 4136; baseline -0.002 -28"><span class='ocrx_word' id='word_1_386' title='bbox 174 4077 177 4085; x_wconf 90' lang='lat'><em>.</em></span> <span class='ocrx_word' id='word_1_387' title='bbox 205 4126 214 4136; x_wconf 17' lang='grc' dir='ltr'>ἢ</span> <span class='ocrx_word' id='word_1_388' title='bbox 302 4038 445 4125; x_wconf 69' lang='lat' dir='ltr'>tudinem</span> <span class='ocrx_word' id='word_1_389' title='bbox 461 4036 845 4121; x_wconf 65' lang='lat' dir='ltr'>armorum-temporum,</span> <span class='ocrx_word' id='word_1_390' title='bbox 861 4042 916 4121; x_wconf 85' lang='lat' dir='ltr'>qui</span> <span class='ocrx_word' id='word_1_391' title='bbox 934 4038 1079 4109; x_wconf 81' lang='lat' dir='ltr'>summam</span> <span class='ocrx_word' id='word_1_392' title='bbox 1102 4043 1237 4126; x_wconf 85' lang='lat' dir='ltr'>denique</span> <span class='ocrx_word' id='word_1_393' title='bbox 1259 4040 1334 4123; x_wconf 87' lang='lat' dir='ltr'>(ne</span> 
     </span>
     <span class='ocr_line' id='line_1_45' title="bbox 297 4148 1332 4203; baseline -0.005 -6"><span class='ocrx_word' id='word_1_394' title='bbox 297 4160 300 4166; x_wconf 59' lang='lat'><strong><em>¹</em></strong></span> <span class='ocrx_word' id='word_1_395' title='bbox 374 4166 378 4178; x_wconf 83' lang='lat'><em>=</em></span> <span class='ocrx_word' id='word_1_396' title='bbox 660 4184 672 4201; x_wconf 91' lang='grc'>,.</span> <span class='ocrx_word' id='word_1_397' title='bbox 988 4192 993 4197; x_wconf 94' lang='grc'><em>.</em></span> <span class='ocrx_word' id='word_1_398' title='bbox 1053 4174 1056 4183; x_wconf 87' lang='lat'>·</span> <span class='ocrx_word' id='word_1_399' title='bbox 1281 4148 1332 4203; x_wconf 79' lang='lat' dir='ltr'>ea,</span> 
     </span>
    </p>
   </div>
   <div class='ocr_carea' id='block_1_3' title="bbox 361 4284 387 4326">
    <p class='ocr_par' dir='ltr' id='par_1_3' title="bbox 361 4284 387 4326">
     <span class='ocr_line' id='line_1_46' title="bbox 361 4284 387 4326; baseline 0 -12"><span class='ocrx_word' id='word_1_400' title='bbox 361 4284 387 4326; x_wconf 53' lang='lat' dir='ltr'>,l</span> 
     </span>
    </p>
   </div>
   <div class='ocr_carea' id='block_1_4' title="bbox 0 0 1464 4742">
    <p class='ocr_par' dir='ltr' id='par_1_4' title="bbox 0 0 1464 4742">
     <span class='ocr_line' id='line_1_47' title="bbox 0 0 1464 4742; baseline 0 4"><span class='ocrx_word' id='word_1_401' title='bbox 0 0 1464 4742; x_wconf 95' lang='lat' dir='ltr'> </span> 
     </span>
    </p>
   </div>
  </div>
 </body>
</html>
