2917 4742
133 283 135 291 '
333 335 436 410 ,nm
549 316 886 422 nitenonu‘ut
923 294 1136 406 ‘oiotrtt
1215 395 1219 403 ,

123 517 127 530 ”
225 522 233 557 l
337 536 370 584 et
388 533 434 582 tot
454 515 554 580 audiet
573 515 800 589 accessionibut‚
829 531 862 578 vt
880 515 1014 578 eundem
1035 511 1097 578 eli‘e
1115 509 1366 597 ·vix'³quil'qttam

335 597 489 684 agnoscat.'
522 599 590 662 Hoc
605 601 729 680 quidem
742 595 892 661 affirmare
905 600 1006 673 rusum,
1023 602 1137 662 maiore
1156 597 1293 662 molestia
1305 618 1366 680 pe·

332 705 379 758 pe
395 684 482 746 vniut
496 685 640 745 orationis
657 682 899 764 tecognitionem
910 682 985 744 mihi
1004 679 1179 758 constitiss'e‚
1200 695 1293 763 quam
1314 701 1363 744 to·

301 811 304 823 ·
339 785 403 832 um
437 767 544 828 rimam
559 767 860 844 interpretationem:
878 763 949 840 stne,
970 782 1022 828 aut
1035 767 1097 828 iam
1111 782 1372 848 vtgenqeutcet·

230 902 233 912 .
341 866 375 916 te
396 789 560 911 aduentant
583 845 733 924 senettus,
764 846 874 918 laboris
894 842 979 910 sensu
1000 867 1083 911 nunc
1101 849 1195 930 mugla
1214 842 1371 922 afficitur,

339 950 514 1014 querutum
529 933 696 1020 iuuentutis
714 931 799 1012 uigor
812 931 946 999 leuabat:
965 929 1028 992 siue
1040 933 1122 994 aliud
1136 931 1197 1007 est,
1215 927 1370 1012 quicquid

336 1018 372 1080 in
390 1033 526 1078 mentem
539 1013 688 1090 inciderit,
710 1013 791 1076 aestu
806 1013 936 1094 quodam
951 1015 1046 1076 animi
1064 1013 1244 1077 effundere:
1269 1013 1369 1088 aliud,

116 1147 120 1157 .
192 1091 213 1112 ⁸
336 1095 468 1162 scribere
481 1097 632 1174 meditata,
652 1116 683 1159 et
698 1095 813 1179 singula
828 1115 911 1178 pene
931 1091 1030 1171 verba}
1049 1097 1130 1177 quafi
1144 1094 1260 1172 ‚statera
1287 1098 1371 1158 auri·

264 1175 267 1204 ¹
339 1179 404 1246 ficit
418 1179 594 1262 expendere
608 1197 699 1262 atquc
712 1181 895 1242 examinate.
935 1181 1046 1261 Neque
1059 1197 1161 1243 tamen
1181 1178 1282 1260 (quod
1308 1175 1371 1242 sae·

339 1284 382 1348 pe
405 1263 526 1328 testatur
547 1259 626 1339 lum,
647 1279 679 1326 et
691 1281 774 1324 nunc
793 1261 944 1343 postremo
964 1262 1104 1326 testatum
1118 1260 1179 1326 effe
1194 1263 1280 1337 volo)
1300 1264 1371 1330 De·

180 1413 186 1434 x
207 1349 213 1358 ’
302 1346 306 1354 ’
329 1343 558 1412 ‘mosthenicam
570 1346 777 1426 eloquentiam
788 1341 955 1426 expteffiffe
970 1367 1020 1408 me
1034 1345 1163 1421 confido,
1179 1346 1271 1427 quiet
1280 1365 1372 1408 auto·

235 1453 240 1462 ·
339 1431 430 1494 ritate
448 1425 598 1506 suacarct‚
613 1429 706 1506 (quae
720 1429 907 1508 quantumin
920 1428 1049 1492 dicendo
1065 1433 1179 1506 valeat,
1210 1431 1281 1509 quis
1311 1449 1371 1490 ne·

342 1509 433 1588 sciti)
455 1532 496 1575 ne
519 1533 559 1574 ue
578 1511 719 1574 Ledlotee
733 1513 776 1573 ita
788 1527 921 1574 attentos
932 1511 1046 1575 hebete
1059 1511 1172 1594 potest,
1190 1513 1242 1591 qui
1254 1509 1311 1573 lua
1328 1513 1374 1574 ni·

339 1596 387 1662 hil
401 1533 543 1661 interelse
556 1591 679 1656 censent
686 1601 743 1671 eu,
763 1615 841 1676 quae
855 1588 1059 1675 scriptalunt,
1078 1614 1111 1658 vt
1130 1595 1255 1658 fuerunt
1278 1595 1370 1656 audi·

325 1695 431 1758 toret,
450 1698 579 1758 quotum
593 1695 624 1741 et
638 1677 769 1759 dignitas
781 1693 813 1740 et
825 1672 900 1740 salua
914 1677 1073 1760 agebatur:
1093 1679 1269 1763 elocutione
1283 1681 1368 1742 item

339 1779 372 1826 et
386 1761 502 1824 afflone
516 1759 684 1823 destituitur
698 1757 764 1832 (cui
777 1777 809 1822 et
823 1761 934 1842 primas
946 1761 1000 1823 ille
1014 1780 1046 1825 et
1059 1757 1202 1824 soeundaa
1217 1764 1372 1826 ettettiaa

273 1865 278 1878 ·
343 1843 442 1917 dedit)
458 1839 513 1905 led
533 1843 748 1907 inuentionem
768 1861 800 1906 et
819 1844 1050 1909 collocationem
1067 1863 1250 1920 tantorum,
1269 1865 1373 1925 quam

341 1927 506 1994 verborum
518 1925 694 2008 appendere
720 1924 782 1988 fide
793 1926 924 2008 optima,¹
934 1943 967 1990 et
979 1925 1136 2010 perspicuo
1151 1947 1373 2007 putoqueora·

175 2016 177 2027 ¹
214 2019 218 2027 ’
345 2010 437 2073 tionis
451 2027 567 2091 genere
580 1972 813 2092 repraelentare,
830 2004 896 2072 lum
909 2028 1042 2074 conatur.
1080 2009 1169 2084 Quae
1189 2027 1221 2072 et
1243 2006 1313 2090 ipsa
1334 2013 1371 2074 in

121 2157 124 2168 ,
342 2089 394 2158 lua
405 2095 508 2158 uatiua
521 2093 624 2172 lingua
635 2093 733 2156 multo
752 2088 820 2161 sunt
835 2109 868 2156 et
882 2094 975 2176 magis
990 2096 1126 2176 proptia,
1147 2109 1180 2158 et
1191 2089 1370 2176 fignifican·

255 2189 257 2192 ’
339 2177 428 2252 tiore,
445 2191 481 2237 et
494 2175 681 2251 iucundiora,
700 2191 731 2237 et
745 2174 919 2260 illustriora:
941 2197 1039 2258 eaque
1053 2175 1093 2240 de
1106 2171 1190 2240 caula
1206 2178 1370 2258 interpre-

171 2267 174 2274 '
340 2259 448 2324 tationi
461 2277 549 2321 meae
563 2260 713 2320 Graecum
734 2259 922 2342 archetypon
944 2257 988 2322 est
1007 2260 1159 2336 additum,
1179 2280 1251 2340 'quo
1265 2259 1367 2322 huioa

339 2339 538 2406 ornatilsunee
550 2359 590 2404 et
609 2339 820 2422 copiofiffunae
837 2345 960 2424 linguae
978 2345 1029 2409 uel
1049 2346 1140 2424 petiti
1158 2343 1217 2421 luel
1238 2341 1371 2408 studiofi

340 2423 488 2491 ituantur.
526 2425 591 2488 Nec
611 2444 713 2489 tamen
733 2424 811 2487 illud
829 2420 927 2505 ipsum
949 2425 1002 2506 qui
1023 2429 1143 2508 legent,
1158 2425 1201 2489 ita
1219 2428 1371 2492 miraturi

341 2504 410 2580 lunt
424 2505 671 2583 Demosthenem,
681 2505 726 2584 (id
741 2505 822 2590 quod
837 2505 1010 2585 Aeschines,
1030 2513 1165 2573 aemulus
1175 2528 1212 2578 et
1225 2502 1372 2574 aduerl‘a·

186 2599 189 2608 '
310 2635 313 2642 ·
342 2593 418 2674 riuq·
437 2591 501 2654 eius
519 2587 622 2652 dixiffe
635 2587 746 2664 fertur)
767 2587 1112 2672 vtstiplumuudiffent.
1153 2585 1282 2666 Quanto
1307 2597 1370 2658 alia

318 2683 330 2714 ²
342 2695 390 2738 tes
404 2673 470 2749 fuit,
488 2694 556 2736 cum
573 2677 617 2736 M.
630 2675 750 2736 Tullius
765 2668 895 2750 Consul,
912 2694 1110 2762 putputatut,
1127 2677 1161 2738 in
1174 2670 1247 2738 sella
1260 2679 1368 2742 curuli

249 2793 256 2812 x
341 2777 413 2820 cum
432 2757 587 2832 maiestate
604 2755 744 2830 alludens,
762 2756 798 2818 ab
819 2758 1071 2831 omnibusssbonit
1084 2778 1169 2842 pater
1181 2761 1315 2838 patriae,
1336 2777 1369 2824 et

354 2837 422 2910 ¹uad
437 2842 513 2902 alter
525 2839 607 2902 vrbis
624 2839 764 2902 conditor
776 2838 904 2917 habitus,
922 2837 1144 2905 solicitudinem
1156 2842 1197 2905 de
1204 2845 1371 2924 republica

270 2929 280 2942 '
300 2983 317 2992 ,,
341 2861 499 3000 lumnam,
519 2919 619 2986 salutis
639 2942 710 2985 vero
732 2917 801 2984 luae
821 2944 951 3005 propert
994 2927 1103 2988 ledum
1116 2922 1378 3007 praeseferens,

341 3009 377 3070 in
395 3002 509 3068 [ummo
535 3006 615 3067 orbiu
636 3021 784 3067 tertarum
802 3004 930 3068 concilio
944 2945 1014 3088 (lli
1025 3030 1090 3071 non
1103 3027 1163 3072 tam
1174 3007 1369 3086 senatorum,

341 3104 432 3172 quam
451 3108 557 3168 regum
576 3083 721 3150 consellut
741 3079 839 3150 videti
861 3087 974 3169 potuit)
994 3094 1131 3154 omnium
1149 3093 1245 3154 oculis
1264 3111 1366 3174 atque

340 3173 450 3238 animis
466 3175 498 3232 in
512 3167 608 3258 ipsum
619 3171 754 3247 intentio,
772 3171 936 3248 confilium,
955 3173 1108 3251 auxilium,
1115 3164 1367 3240 incolumitatem

221 3317 223 3322 ,
258 3267 261 3277 “
341 3255 379 3320 ab
396 3253 665 3334 competentium,
685 3270 790 3316 contra
800 3257 972 3336 coniuratos
981 3259 1111 3320 maxima
1130 3255 1367 3341 suauiffimaque

340 3357 427 3412 voce,
445 3357 515 3398 cum
527 3334 666 3418 finguleti
681 3336 829 3418 dignitate
842 3340 974 3417 aetionis,
990 3360 1138 3423 motuque
1152 3361 1185 3405 et
1198 3341 1290 3424 gestu
1299 3364 1367 3406 cor·

299 3429 302 3436 '
341 3424 423 3508 potis
444 3421 533 3482 totius
557 3419 778 3496 decentiffimo,
797 3424 964 3502 perorroit:
984 3429 1162 3504 quam‘cum
1180 3425 1365 3495 eedemilla

341 3506 438 3570 oratio
453 3523 535 3566 nunc
547 3503 595 3565 vel
610 3505 700 3566 tacite
714 3504 751 3566 ab
771 3501 866 3570 otiolo
880 3507 1024 3588 quopiam
1038 3526 1071 3571 et
1083 3503 1187 3571 securo
1206 3511 1367 3590 percurri·

279 3607 280 3614 ¹
342 3607 407 3653 tur:
431 3589 480 3649 vel
493 3609 510 3649 a
525 3585 705 3663 thetorculq²
723 3585 799 3649 adeo
813 3589 932 3653 nullum
947 3593 1162 3654 animimotom
1170 3609 1201 3654 et
1213 3589 1366 3658 dolorem

340 3667 514 3746 adhibente,
533 3687 564 3732 vt
576 3671 668 3733 etiam
681 3665 853 3752 ientemian
871 3691 1038 3754 earumque
1056 3671 1365 3757 circumscriptiones,

340 3757 448 3816 velex
468 3754 675 3817 imbecillitate
694 3747 828 3832 spiritua,
848 3757 899 3818 vel
918 3757 959 3820 ob
981 3760 1051 3820 artis
1072 3759 1304 3839 pronunciandi
1317 3763 1366 3822 in·

336 3835 493 3901 scientiam
505 3831 630 3915 diuellat
643 3855 737 3916 atque
750 3833 907 3918 disperdat,
923 3839 987 3902 fine
1000 3843 1061 3904 vlla
1074 3842 1217 3906 totietate
1228 3865 1291 3925 pto
1299 3841 1365 3926 lug-

339 3919 423 4002 geiio
439 3921 598 3981 recitatur?
615 3923 726 4002 Neque
740 3939 812 3982 vero
828 3922 921 3999 tobis
941 3924 999 3984 viti
1014 3945 1061 3986 am
1083 3924 1197 4002 tiffimi',
1219 3929 1276 4007 qui
1297 3930 1363 4010 ple·

338 4007 427 4088 tique
443 4005 479 4079 ln
499 4003 597 4082 ltalia,
620 4001 780 4084 inspuunt,
797 4002 908 4087 (hille,
934 4009 1046 4092 partlm
1062 3948 1236 4080 {uiltorum
1267 4009 1367 4107 causa,

106 929 111 962 l

1134 4009 1142 4021 Ι

1068 4204 1077 4213 a
1092 4203 1096 4211 ι
