2917 4742
178 404 187 423 ,
300 349 430 437 pura
611 345 678 423 :a
724 294 1027 427 Tetto'ttt‘
1319 308 1324 316 ’

217 540 228 553 ‘
275 546 279 555 ²
324 527 478 593 orationis
510 518 709 609 saudandpm,
736 522 1045 593 liliorum-honinem
1066 520 1255 593 Excellentia
1272 524 1358 611 pds'n

244 622 247 639 '
332 608 419 676 essse
439 608 607 683 contineri:
638 625 740 685 neque
761 607 799 682 ad
821 607 1047 689 llemptiblicant
1061 608 1241 679 ,adtulerunt
1255 614 1359 675 inluu-

245 745 248 749 Δ
328 690 458 765 &nesam
470 691 588 773 ingenii
608 690 771 763 culturam,
798 691 847 751 rel
860 691 900 766 ii,
935 692 988 769 qui
1004 690 1035 751 in
1051 690 1104 753 ista
1117 688 1273 773 disciplina
1287 698 1361 759 eni·

330 793 470 850 ruerunt,
498 774 550 838 r‘el
560 775 619 847 ii,
629 772 682 851 qui
701 791 809 835 eorum
824 769 1027 836 monumenta
1038 792 1107 835 cunt
1121 776 1221 855 aliqua
1235 778 1360 841 animo·

330 880 399 925 mm
421 858 590 921 attentione
598 856 862 933 contemplantur.
902 855 979 929 Quis
994 856 1077 918 enim
1093 854 1198 933 nescit,
1219 862 1360 925 multum

283 1008 286 1015 ,
327 945 436 1023 vtique
457 939 596 1001 conserte
615 936 653 999 ad
678 938 919 1012 moderationem
943 939 1069 1001 ciuitatis
1096 938 1361 1021 diligentissimam

328 1023 612 1109 peruestigationem
627 1038 729 1083 earum
745 1021 1047 1096 omniumrttiunutu,
1068 1024 1176 1101 quibus
1190 1024 1361 1090 hominum

329 1126 449 1171 menter
463 1104 513 1167 vel
526 1104 564 1167 ad
582 1105 672 1176 itam,
690 1120 740 1165 aut
754 1102 873 1177 odium,
895 1120 944 1165 aut
959 1103 1092 1167 dolorem
1107 1107 1277 1184 incitantur,
1302 1112 1363 1173 vel

229 1228 240 1239 ·
331 1194 370 1255 ab
383 1192 420 1251 iit
432 1186 646 1251 ressesiuntur?
664 1188 892 1260 Verumtamen,
914 1206 991 1263 quae
1006 1187 1044 1247 de
1058 1190 1171 1251 naturis
1188 1190 1359 1257 hominum

330 1291 364 1339 et
378 1274 417 1335 de
430 1274 460 1333 ri
475 1271 560 1332 omni
573 1269 765 1329 humanitatis
780 1285 916 1331 accurate
929 1271 961 1331 in
975 1266 1079 1335 scholis
1092 1268 1287 1351 disputantur,
1302 1296 1362 1337 eut·

319 1352 462 1429 ,arescant
475 1354 566 1433 plane
579 1346 699 1413 necesse
712 1350 770 1425 est,
792 1350 844 1413 nili
861 1350 1127 1431 exsistentiam,
1146 1356 1197 1433 qui
1213 1376 1251 1419 ea
1261 1378 1362 1421 metr·

326 1442 408 1504 tibur
428 1430 587 1505 hominum
607 1453 643 1495 ac
660 1428 806 1517 sensibup,
831 1430 941 1495 sorensi
968 1428 1033 1509 rsu,
1061 1454 1092 1497 et
1112 1438 1261 1519 grauitate
1278 1462 1361 1521 qua-

322 1524 398 1587 darn
419 1518 578 1591 orationis,
603 1514 829 1577 accommodare
850 1516 943 1595 possit
979 1519 1074 1583 Arma
1094 1520 1146 1581 illa
1169 1523 1360 1585 relinflam-

275 1608 290 1640 ³
325 1602 447 1682 prandia
470 1601 640 1663 animorum
660 1600 791 1677 motibus
807 1600 855 1659 vel
870 1592 1110 1681 extinguendis,¹
1126 1598 1271 1667 scitissime
1285 1610 1365 1687 qui·

295 1746 300 1761 ,
327 1690 401 1753 dem
416 1686 448 1747 itt
470 1684 573 1745 embra
585 1681 654 1743 cudi
668 1696 848 1761 potuerunt-a
872 1684 905 1743 in
920 1684 983 1745 acie
998 1702 1070 1745 vero
1086 1686 1269 1765 reipublicae
1283 1711 1362 1755 nott

326 1782 472 1854 poterunt
487 1763 665 1827 vtititernist
679 1765 716 1825 ab
729 1770 847 1827 oratore
862 1766 935 1845 geri.
954 1796 957 1803 ·
975 1766 1113 1841 Deinde,
1134 1767 1155 1829 st
1170 1774 1362 1839 eornmlau·

270 1922 274 1929 ,
328 1854 434 1917 damur
448 1847 636 1921 industriam,
662 1846 767 1927 quide
780 1844 899 1927 legibus
912 1842 1053 1913 iubendis
1067 1866 1118 1911 aut
1133 1852 1287 1930 rotandis,
1312 1857 1361 1919 de

175 1926 186 1937 ’
218 1960 223 1967 ·
314 1930 544 2017 'perspiciendis
558 1928 723 1992 rationibus
737 1928 1012 1993 constituendarum
1023 1933 1300 2015 stegendarumque
1313 1941 1362 2001 ci·

240 2080 245 2093 ,
327 2021 470 2093 astatum,
498 2013 537 2075 de
559 2009 660 2088 sociis,
689 2013 729 2075 de
751 2014 966 2091 redigasibur,
993 2012 1033 2075 de
1055 2017 1140 2077 omni
1160 2020 1361 2099 reipublicae

328 2120 458 2185 genere,
484 2096 686 2175 caeterisque,
701 2093 765 2157 fine
780 2096 890 2173 quibus
905 2094 1063 2159 hominum
1078 2094 1199 2162 societas
1214 2118 1268 2165 aut
1280 2102 1363 2179 ess'e,
1380 2126 1381 2133 ¹

321 2202 381 2249 ¹aut
395 2184 477 2243 bene
490 2178 692 2252 administrata
705 2174 765 2239 ess'e
778 2198 839 2239 non
858 2176 963 2257 potest,
984 2179 1146 2261 quidquam
1161 2182 1256 2247 literis
1264 2204 1362 2249 man-

331 2262 454 2339 daruti't,
473 2282 601 2343 quorum
616 2262 730 2335 omnis,
752 2256 913 2323 necessaria
924 2260 1066 2339 quidem,
1088 2267 1220 2345 cognitio
1235 2270 1270 2329 in
1287 2273 1362 2333 exi·
1380 2270 1381 2275 ’

200 2377 210 2413 x
277 2339 294 2388 f
326 2354 412 2417 litate
425 2345 553 2427 quadam
565 2343 733 2418 doctrinae,
752 2360 783 2420 et
799 2341 877 2422 quali
890 2344 923 2405 i'n
936 2344 1024 2407 lineis
1040 2346 1222 2427 reipublicae
1239 2349 1362 2415 descri-

327 2430 437 2499 bendis
451 2424 599 2499 versatum
624 2443 737 2506 quanto
758 2428 852 2507 tnagis
867 2424 1138 2491 conformationem
1156 2431 1246 2495 huius
1262 2433 1359 2499 disci-

327 2518 446 2601 plinae,
473 2512 682 2587 rationemque
701 2510 793 2587 totiur
814 2510 1031 2589 eloquentiae,
1060 2532 1138 2594 quae
1161 2532 1192 2577 et
1204 2518 1358 2583 locorum

323 2595 556 2701 opportunitate
576 2587 700 2653 solerter
719 2589 897 2671 disponere,
924 2610 955 2654 et
972 2595 1115 2657 orationis
1131 2596 1248 2661 lumine
1261 2602 1359 2665 lucu·

285 2733 288 2739 .
325 2689 413 2752 lente
429 2676 615 2757 distinguere
625 2673 736 2818 lpossit,
762 2694 844 2755 quae
864 2672 909 2736 illi
934 2678 983 2737 rel
1005 2678 1171 2757 prudenter
1184 2682 1360 2766 inuestiga.

325 2782 417 2837 runt,
436 2762 487 2821 vel
499 2756 624 2822 artificio
635 2777 656 2819 e
668 2754 877 2839 tradiderunt?
918 2758 1049 2821 Perinde
1063 2762 1104 2823 tti
1118 2760 1150 2823 in
1165 2765 1256 2827 mutis
1272 2789 1361 2846 quo·

328 2868 390 2935 que
410 2836 546 2917 atibus,
561 2838 676 2903 tametsi
698 2858 820 2915 eorum,
846 2840 898 2919 qui
917 2860 968 2901 aut
987 2842 1020 2903 in
1033 2842 1238 2927 instrumentis
1253 2852 1358 2913 confi.

158 2935 162 2943 ¹
261 2992 271 3009 ,
314 2926 459 3001 ¹timasio,
484 2924 583 2986 autin
598 2922 731 2984 terendis
746 2922 895 2985 coloribus
911 2942 1104 3001 exercentur,
1124 2932 1241 2991 nemini
1255 2928 1363 2997 subti-

325 3023 395 3083 tina
406 3012 441 3071 in
454 3004 505 3069 suu
520 3002 636 3072 artificii
649 3024 670 3085 g
712 3023 765 3065 ere
780 3004 868 3081 desit,
892 3003 1035 3069 dissimilis
1051 3026 1152 3071 tamen
1166 3012 1229 3075 laus
1246 3032 1280 3077 et
1297 3036 1356 3077 ex-

326 3093 486 3163 cellentiot
499 3090 593 3167 longe
606 3023 745 3149 habdsda
760 3076 803 3149 est
817 3106 853 3148 ea
868 3090 942 3151 ratio
964 3090 1097 3169 ingenii,
1117 3096 1239 3171 quaein
1259 3101 1356 3161 tabe..

326 3170 604 3261 laperseslillrmarn
615 3168 710 3231 'issam
728 3171 893 3250 imaginem
904 3174 1061 3252 exprimit,
1080 3176 1164 3237 cuius
1179 3179 1213 3239 in
1227 3179 1355 3247 obtutu
1379 3236 1380 3244 ,

325 3254 632 3345 atqtie'admiratione
647 3270 709 3315 totu
721 3270 865 3332 occupata
883 3254 941 3331 erit
955 3256 1119 3335 posteritas.
1220 3312 1223 3319 .

388 3342 445 3405 Hir
464 3336 485 3398 si
505 3333 671 3409 addidero,
702 3336 893 3396 intercedere
914 3338 1063 3417 quandam
1084 3338 1358 3425 necessitudinem,

326 3415 598 3513 quq'coniungitur
616 3416 698 3479 istius
717 3420 819 3497 gentio
841 3418 1038 3497 eloquentia,
1071 3439 1135 3485 nott
1152 3422 1251 3485 dicant
1273 3447 1359 3493 cum

314 3516 412 3584 flua,
436 3504 489 3585 qui
501 3502 623 3582 propria
634 3498 763 3580 quadarn
776 3498 934 3581 felicitate,
955 3522 1017 3565 non
1033 3508 1189 3567 communi
1205 3526 1356 3574 caetero-

324 3614 393 3669 φοι
405 3585 635 3657 exercitatione,
653 3600 709 3644 ort
720 3600 749 3643 tt
758 3600 782 3644 u
793 3601 812 3644 s
825 3602 847 3645 'r
859 3600 886 3643 tt
895 3602 917 3644 e
929 3604 952 3650 ut
968 3606 990 3649 rt
1003 3606 1032 3648 rr
1056 3584 1209 3665 exscribis,
1231 3610 1356 3659 verum

325 3696 397 3739 eum
418 3690 454 3735 ea
472 3670 587 3729 ratione
607 3665 743 3739 dicendi,
770 3684 847 3751 quqe
868 3664 960 3729 hodie
980 3670 1013 3753 in
1026 3668 1109 3746 soro„
1135 3673 1166 3739 in
1182 3674 1292 3751 curia,
1318 3700 1355 3743 et

322 3756 429 3825 senatu
448 3744 605 3815 efflorescit
617 3770 628 3822 ς
656 3769 676 3809 a
698 3746 896 3827 plurimorum
923 3752 1070 3831 opinione
1095 3774 1158 3817 non
1179 3753 1356 3827 discedam,

324 3841 427 3906 Habet
448 3834 532 3899 enim
555 3832 730 3911 eloquentia
746 3831 890 3910 quosdam
903 3833 982 3912 quast
999 3836 1093 3898 flexus
1106 3836 1227 3915 aetatis,
1246 3860 1282 3901 et
1300 3865 1356 3906 ra-

322 3928 398 3990 tium
420 3915 546 3983 subinde
564 3914 780 3977 maturitatem:
810 3930 842 3975 et
864 3916 961 3979 omnis
983 3918 1084 3979 noller
1102 3916 1229 3983 sorensis
1250 3924 1354 3988 labor

283 3998 286 4006 ’
320 4006 407 4087 s¹siue
418 4004 452 4069 'td
470 3994 614 4067 industria
632 3994 667 4060 fit
680 3996 835 4075 eflectum,
861 3994 923 4060 fiue
937 3994 1004 4087 casu
1018 4000 1356 4087 ,quodant'coutigerin

482 4103 486 4118 “
601 4104 605 4109 ’
791 4098 797 4108 “
899 4134 903 4147 .
1252 4106 1289 4154 vt
1307 4092 1353 4157 ad
