2917 4742
114 360 181 433 ro
212 322 374 434 suunt=
403 302 976 472 onnosutt'rrteqrr.
1023 376 1123 467 ηε,

110 560 137 605 tr
149 541 185 605 ad
232 538 361 605 umidam
380 540 462 623 quali
482 531 708 605 imilitudine'm
724 547 1126 629 contentionemqaedeuu·

109 562 241 700 inetur&
261 644 293 687 et
306 622 522 694 sententiarum
541 622 677 687 clausulis
683 618 700 702 ,'
712 644 745 689 et
758 624 903 707 ser-monis
922 634 1076 713 grauitate,
1091 649 1124 698 et

109 728 217 791 genere
237 705 398 771 laceffendi
419 727 451 777 et
474 705 692 788 respondendi,
720 727 782 775 tota
804 712 939 795 denique
953 712 1048 795 ligura
1061 738 1126 777 otu·

110 794 208 867 tionis,
229 810 321 871 quarn
334 790 528 854 sttuliollffimi
541 794 655 872 quique
669 793 798 872 magistri
811 796 844 855 in
860 798 960 858 animo
974 818 1122 879 concepe-
1192 862 1205 873 ,

110 894 186 950 tunt,
213 894 341 953 graecae
361 875 442 937 laudi
454 876 493 935 ab
500 875 585 935 omni
601 893 694 955 purte,
711 896 801 955 quam
822 882 979 947 Romanae,
995 880 1038 943 est
1054 902 1122 961 pro·
1177 910 1194 925 ‘

110 960 177 1037 pior.
191 959 352 1022 Nimirum
361 958 599 1037 eaeloquentia,
619 976 709 1038 quam
719 961 752 1019 in
777 978 798 1021 n
810 978 832 1021 n
845 980 873 1023 aa
885 980 934 1025 on
948 982 969 1023 τ
982 980 1039 1043 qua
1051 984 1074 1027 n
1087 978 1122 1041 a,

108 1042 241 1103 torrentia
258 1043 334 1117 ritu,
360 1040 550 1121 praecipitari
573 1060 637 1101 non
656 1040 720 1101 stne
741 1042 1036 1123 religionequadam
1050 1066 1122 1109 con·
1164 1120 1167 1127 Α
1188 1092 1191 1097 -

107 1126 297 1203 templnmnr,
323 1124 437 1186 deinde
459 1121 524 1203 poll
542 1120 645 1186 'aetatis
660 1124 792 1203 aliquem
807 1124 978 1203 decursum,
1007 1130 1038 1191 in
1062 1148 1122 1193 cr·

110 1224 224 1271 cetto
234 1228 261 1273 rc
273 1226 315 1283 a,
335 1210 428 1270 ubere
444 1206 572 1269 flumine
588 1202 758 1281 exundare,
779 1224 810 1271 et
824 1210 922 1271 latiori
937 1210 1051 1273 ambitu
1065 1210 1122 1275 dii-
1199 1216 1203 1225 “

107 1290 184 1351 fundi
199 1310 234 1353 et
249 1287 423 1371 exspatiari,
438 1291 544 1351 iamin
557 1290 714 1372 pristinum
729 1292 850 1353 alueum
865 1286 894 1353 se
909 1294 1043 1373 recipere
1060 1296 1122 1357 vel·

106 1376 132 1435 le
155 1374 286 1437 ridetur.
326 1374 397 1437 Non
417 1370 497 1453 quafi
521 1390 572 1435 aut
590 1372 660 1435 huic
682 1374 821 1453 impetu,
849 1392 900 1437 aut
920 1376 965 1435 illi
984 1378 1120 1443 ubertate
1210 1440 1214 1453 ,

107 1458 300 1536 praestemus,⁸
324 1477 384 1519 uec
402 1454 482 1537 quafi
499 1455 535 1517 in
548 1456 644 1518 altero
658 1454 733 1517 defit
746 1474 885 1533 ornatus,
911 1458 943 1519 in
959 1460 1053 1521 altero
1070 1480 1118 1523 te·
1182 1472 1186 1481 '

105 1536 315 1614 tundere-led
333 1540 417 1619 quod
436 1558 552 1621 genere
573 1540 680 1601 orandi
698 1558 779 1601 aetat
803 1540 902 1603 nostra
925 1542 1117 1605 velocitatem

105 1626 594 1701 potiutnrcrrosutaattts,
636 1640 727 1700 qnam
762 1640 1031 1688 nicanorus
1067 1646 1115 1691 co·

103 1708 175 1786 piam
187 1708 341 1769 aemulata
353 1706 401 1780 stt,
427 1706 499 1767 licet
512 1704 637 1787 ‚ingenii
656 1704 835 1787 praestantia
848 1722 879 1771 et
891 1704 1035 1773 felicitate
1048 1711 1118 1786 ttri-

104 1810 158 1869 que
171 1789 465 1853 maltumcedamur.
630 1866 635 1875 Ι
857 1820 861 1831 ·

157 1876 194 1937 Er
217 1873 356 1954 proleilo
376 1868 629 1951 quemadmodum
646 1890 687 1934 ea
705 1886 856 1951 tempora,
875 1894 953 1955 quae
972 1894 1118 1941 neno·

104 1974 149 2019 cr
160 1976 186 2019 rt
196 1975 221 2019 a
235 1976 294 2021 na:
306 1974 334 2019 rt
361 1958 512 2028 tulerunt,
536 1956 700 2038 imaginem
718 1956 919 2035 Eloquentiae
939 1958 1027 2023 nobit
1050 1962 1119 2023 rell·

104 2058 245 2117 querunt,
267 2058 357 2121 quam
374 2038 505 2101 feliciter
517 2040 627 2101 imitati
640 2035 796 2119 pellimus,
814 2040 855 2101 ira
879 2040 1027 2119 quandam
1041 2042 1119 2107 sinti·

102 2124 257 2185 litutlinetn
270 2125 356 2202 lleip.
376 2140 465 2200 quam
483 2138 648 2185 tueremur.
687 2122 818 2183 Graecae
830 2124 917 2185 urbes
938 2144 993 2187 ΡΗ
1003 2146 1015 2189 1
1027 2144 1049 2189 ι
1060 2146 1072 2188 1
1084 2146 1118 2189 r·
1133 2168 1136 2177 ·

102 2222 175 2267 rvs
205 2226 243 2270 tt.
266 2208 349 2281 bello
374 2202 524 2267 laceffiuit.
566 2209 722 2279 Intereat
751 2206 883 2269 maxime
908 2209 1117 2273 inclaruerunt

106 2307 125 2348 Α
137 2310 158 2350 a
168 2310 195 2351 tt
205 2310 230 2351 tc
242 2308 266 2353 ru
278 2308 354 2351 Aac:
376 2308 446 2349 nam
463 2306 665 2349 tet-armorum
678 2283 728 2347 vsu
744 2304 775 2349 et
790 2306 890 2349 terum
909 2290 1056 2371 gestarum
1074 2292 1117 2355 fa·
1144 2304 1154 2317 ⁵

103 2392 142 2432 tm
154 2393 222 2433 cnm
238 2373 404 2453 plurimum
417 2365 500 2449 polle
519 2371 713 2445 videbantur,
733 2371 858 2433 caeteris
872 2375 961 2435 etiam
976 2376 1118 2455 prouide-

104 2474 130 2514 re
142 2474 171 2517 et
186 2452 324 2536 praeesse
338 2450 482 2515 solebant,
528 2457 658 2515 ibicum
678 2454 809 2517 Macedo
827 2458 990 2519 nonnullas
1014 2459 1117 2521 ciuita-

103 2556 139 2598 tet
162 2538 377 2621 largitionibus
390 2556 600 2617 corrumpere,
622 2541 653 2599 ti
666 2537 863 2600 etoblidione
876 2556 1039 2603 concutere
1046 2560 1117 2603 coe·

105 2622 155 2697 pit,
176 2642 255 2683 num
276 2640 299 2684 n
311 2642 333 2683 u
345 2636 470 2681 most
483 2636 541 2681 nu
555 2640 578 2683 u
592 2638 635 2682 ιε
655 2624 716 2683 Tui
732 2638 783 2692 aut
802 2620 905 2684 deerat
924 2624 956 2683 in
976 2620 1116 2704 prospici·

103 2704 178 2765 endis
196 2705 341 2784 periculis
355 2702 499 2777 Solertia,
516 2720 568 2772 aut
584 2704 617 2763 in
632 2703 832 2786 admonendiq
853 2703 1058 2787 regendisque
1072 2704 1116 2768 lo·

104 2790 146 2846 nis
156 2789 322 2862 sedulitas,
348 2804 400 2848 uut
416 2787 450 2846 ln
472 2788 647 2847 cunilomtn
667 2787 930 2865 denique‘animis
949 2790 1116 2855 excitandia
1186 2828 1189 2835 ·

104 2868 224 2933 liuditum
239 2888 272 2933 et
293 2870 494 2947 eloquentia?
509 2871 599 2949 ‚illios
617 2873 703 2931 enim
717 2874 818 2933 nullus
835 2868 992 2951 eil,·quor
1011 2892 1115 2953 neque

103 2953 249 3016 latuerunt
257 2954 386 3033 quidem
400 2968 619 3015 ultiman
638 2953 777 3027 midine,
798 2974 901 3033 neque
915 2958 1054 3037 propriae
1068 2956 1115 3019 fu-
1174 2990 1179 2999 =

103 3038 138 3115 git
150 3034 251 3100 salutis
273 3037 365 3097 ratio:
399 3056 505 3095 vetum
529 3037 582 3115 qui
602 3037 665 3099 otio
689 3054 722 3099 et
739 3037 938 3121 diuturnitate
961 3041 1040 3119 pacis
1067 3042 1113 3103 nl·

103 3122 185 3181 mium
200 3118 233 3181 le
246 3118 319 3200 palli
332 3111 400 3179 lunt
413 3113 601 3181 mucescere.
642 3111 787 3201 Hi'igitur
806 3121 958 3182 Orationis
971 3121 1049 3202 quafi
1064 3124 1116 3192 td·

103 3206 181 3265 morit
193 3202 412 3266 iacibuuerant
424 3201 640 3263 inflammandi.
659 3204 745 3265 Alios
760 3199 872 3278 rursus,
888 3206 940 3284 qui
953 3205 1025 3267 licet
1034 3224 1062 3267 Μ
1073 3226 1113 3269 aa

106 3302 350 3349 canoniae
385 3280 496 3345 finibus
521 3284 670 3365 proximi,
698 3285 875 3351 incendium
902 3304 1004 3349 tamen
1030 3286 1131 3358 illud,

104 3373 231 3430 omnium
251 3368 442 3430 fortunarum
455 3384 507 3429 aut
529 3389 593 3429 non
616 3368 735 3445 uidete,
753 3386 880 3431 autnon
900 3366 968 3431 satir
979 3392 1034 3451 pro
1052 3391 1113 3434 ma·

104 3453 255 3529 goimdine
267 3450 396 3531 periculi
411 3450 519 3511 timete
533 3452 721 3527 videbantur.
762 3452 804 3515 Hi
818 3450 977 3533 prudentia
990 3454 1114 3521 etomni

103 3534 285 3597 confiliomm
298 3530 469 3595 salubritate
481 3550 567 3595 erant
582 3535 807 3597 commonendi
846 3536 938 3597 Domi
945 3536 1038 3598 Ciues
1045 3534 1114 3603 suoa

104 3616 239 3692 edocuit,
287 3612 435 3677 summum
473 3617 547 3697 reip.
582 3614 658 3701 effe,
678 3616 884 3698 praefidium,
932 3616 954 3678 st
989 3621 1120 3699 quando*
1173 3676 1176 3683 .

105 3716 201 3761 uorum
223 3701 340 3761 animos
366 3720 385 3759 a
404 3714 483 3771 aaut
497 3718 636 3763 mmo
665 3701 831 3763 abalienari
850 3696 1010 3768 sentirent.
1039 3720 1110 3799 qum

107 3800 165 3841 rum
205 3784 314 3863 opibus
349 3798 380 3843 et
412 3783 541 3845 amicitia
581 3783 665 3845 istius
701 3786 774 3847 olim
810 3784 913 3845 creuit
928 3784 1116 3853 dominatio:¹
1238 3839 1258 3861 .,

105 3858 336 3927 subueniendum
361 3860 422 3925 else
448 3866 479 3925 ei
498 3868 725 3945 opportunitate
746 3888 816 3929 cunr
834 3864 1025 3929 confiliomm
1041 3890 1120 3933 com.

106 3944 226 4024 stantia,
275 3966 341 4010 tum
380 3946 472 4007 etiam
506 3952 678 4012 maturitate
714 3950 840 4013 auxilii:
896 3968 999 4029 neque
1046 3968 1111 4017 tum
1176 4010 1180 4018 ,

108 4022 464 4111 lulumtiutendtrmelio
510 4034 1114 4111 aurnrrrvntstblarrn

895 4128 901 4145 ⁸
1015 4132 1113 4181 cnut
