2917 4742
295 368 438 458 «ως
561 326 1125 477 ntarourmwottn
1225 337 1300 369 ·“

210 616 218 625 ,
323 540 476 615 ‘conferri
495 540 582 621 poffit
602 559 671 603 mea
688 542 899 623 interpretatio
917 556 950 604 et
963 541 993 602 ei
1007 559 1063 621 per
1076 542 1180 605 omnir
1192 536 1365 623 (quantum

104 682 113 695 .
305 656 308 662 ·
339 622 459 703 liceret)
471 623 617 703 exquifite
632 620 836 705 responderet,
856 644 889 685 ac
903 625 979 705 nibil
993 625 1104 699 malim,
1113 646 1204 705 quam
1218 622 1363 706 vthuod

194 703 198 715 ¹
340 714 377 774 itt
389 710 491 771 multis
505 708 658 770 autoribus
670 709 780 769 sudium
794 704 973 783 effe'video)
993 720 1063 768 tum
1076 705 1361 772 latinitettaduerso

341 810 448 877 graeca
462 792 728 867 coniungetnttut.
769 793 837 851 Non
852 790 932 870 quod
950 792 1010 851 rint
1023 790 1115 863 illam,
1140 808 1172 853 et
1185 790 1231 868 (rt
1246 793 1360 854 Graeci

287 934 291 940 ,
332 871 463 950 'rotano
481 868 628 945 ierimus
648 870 901 935 Demosthenicae
919 872 1062 935 orationis
1081 892 1113 935 et
1132 874 1250 935 atticam
1263 888 1360 936 trene-

280 958 283 964 ’
342 978 422 1032 tem,
436 974 468 1019 et
482 957 783 1031 numerosotatorios
799 957 859 1017 vlit
872 975 909 1017 ex
921 956 1006 1037 pa‘tte
1026 975 1076 1017 me
1095 952 1287 1018 consecutum
1294 953 1362 1037 ipe·

343 1060 423 1103 rent:
442 1037 525 1119 quod
546 1040 613 1118 quis
635 1037 690 1101 libi
712 1056 834 1120 arroget
853 1038 923 1114 (liis
935 1037 1059 1119 quidem
1078 1038 1281 1118 temporibus)
1301 1038 1363 1100 nist

171 1110 196 1150 ‘⁴
273 1158 280 1192 2
340 1117 460 1205 prorsus
470 1140 572 1183 amore
588 1117 632 1183 sui
645 1122 740 1182 nimio
754 1138 786 1183 et
801 1120 999 1183 admiratione
1019 1118 1187 1185 coecutiat?
1203 1117 1258 1183 led
1272 1122 1374 1205 quod·

228 1206 232 1213 ’
338 1208 374 1271 in
392 1206 506 1287 optima
526 1200 706 1266 conscientia
721 1202 826 1265 iucem
846 1224 910 1264 uon
930 1201 1109 1279 reformido,
1142 1222 1173 1267 et
1192 1200 1362 1270 sententias

236 1289 239 1296 '
310 1285 317 1293 ’
338 1286 496 1353 sententiis
509 1284 688 1367 ippendere
712 1283 832 1351 intuma
845 1284 906 1347 fide
928 1283 991 1349 lum
1012 1305 1153 1365 conatus,
1172 1287 1210 1349 ad
1225 1306 1361 1367 eamque

152 1385 158 1395 ’
238 1410 244 1417 ·
339 1390 406 1435 tent
419 1390 450 1433 et
463 1390 582 1450 tempus
596 1368 746 1449 (quamuis
758 1368 789 1431 id
803 1366 872 1430 ia'ne
885 1368 960 1431 iusto
972 1368 1113 1451 breuius)
1128 1371 1376 1452 etdiligentiatn⁴

177 1464 181 1472 '
295 1450 301 1459 ’
338 1454 461 1520 adhibui
477 1450 568 1531 quant
580 1449 646 1513 fieri
659 1452 757 1531 potuit
772 1452 1000 1513 attentillrmam.
1022 1450 1113 1523 Quod
1127 1448 1224 1533 ipsum
1240 1454 1276 1523 in
1296 1453 1363 1515 hoe

339 1554 446 1601 sutore
458 1532 609 1614 consequi,
630 1554 720 1615 quam
736 1532 772 1595 iit
784 1534 919 1608 arduum,
941 1554 980 1597 ex
994 1552 1032 1595 eu
1053 1552 1190 1615 apparet,
1219 1534 1301 1615 quod
1323 1538 1361 1597 in

339 1628 424 1682 tanto
432 1636 564 1700 graecae
578 1619 700 1697 linguae
721 1616 924 1697 interpretum
951 1636 1078 1679 numero
1099 1637 1191 1679 nemo
1214 1618 1364 1682 ltailenus

340 1718 438 1765 totum
457 1698 696 1761 Demosthenem
718 1700 960 1762 conuerteudum
984 1694 1064 1763 susce
1086 1699 1132 1761 it:
1162 1702 1216 1763 alii
1236 1688 1363 1780 profem

338 1781 439 1850 neseio
453 1782 525 1860 quid
536 1783 747 1861 (nequeenim
761 1800 821 1844 tam
833 1781 921 1843 facile
935 1722 1255 1865 estpraeliuremakna,
1264 1804 1364 1863 quant

339 1868 492 1952 polliceri)
513 1864 692 1927 distulerunt
705 1886 725 1925 t*
740 1866 793 1931 alii
811 1886 847 1927 ea
867 1864 1045 1937 ediderunt,
1075 1884 1153 1945 qnae
1177 1866 1275 1947 quolia
1289 1867 1362 1944 srnt,

238 1970 242 1976 ’
340 1952 468 2013 aliorum
491 1948 553 2009 esto
576 1948 728 2008 iudicium.
770 1950 879 2027 Neque
905 1948 988 2009 enim
1008 1947 1082 2009 nihi
1101 1948 1286 2028 propofitum
1300 1950 1359 2025 est,

340 2040 522 2115 quenquam·
534 2032 585 2091 rel
604 2031 691 2091 tacita
710 2031 894 2111 cogitatione
915 2029 1130 2111 perstringere:
1145 2032 1268 2093 laudare
1289 2034 1361 2112 qui·

341 2116 501 2188 demeos,
522 2114 628 2191 qui-in
647 2112 763 2193 aliquot
783 2114 968 2175 orationibus
992 2112 1177 2191 explicandis
1198 2117 1361 2196 egregiam

340 2216 464 2279 operam
476 2214 633 2270 nauarent,
652 2214 804 2275 cuperem,
823 2213 856 2257 et
870 2194 991 2274 quidem
1006 2216 1060 2275 pto
1075 2194 1174 2259 officio
1198 2197 1361 2273 deberem,

341 2282 396 2361 qui
408 2280 439 2340 id
449 2276 650 2359 ipsum-quod
658 2297 716 2358 ego
733 2272 796 2341 sum
812 2296 952 2353 conatus,
973 2276 994 2339 st
1011 2280 1251 2360 vellent,·longe
1271 2282 1376 2351 lucus

340 2364 453 2426 lentim
467 2360 659 2441 praestarent,
679 2360 733 2422 nist
748 2352 949 2425 assentationis
958 2354 1376 2441 suspicionempertimel'ce?

336 2466 418 2517 rem.
456 2446 545 2505 Nunc
557 2444 632 2503 dunt
643 2445 694 2504 alii
708 2441 959 2519 vel-cellbut,'vel
982 2464 1060 2523 quae
1079 2440 1271 2526 scripserunt,
1290 2449 1375 2510 Ho-'

298 2529 302 2538 “
340 2530 409 2591 tatii
427 2523 519 2589 secuti
538 2525 711 2602 consilium,
730 2528 764 2587 in
785 2542 902 2597 nonum
922 2546 1035 2587 annum
1048 2546 1198 2607 premunt,
1215 2530 1374 2592 laborem}

158 2667 160 2673 .
339 2612 423 2674 hunc
441 2609 559 2691 imfflni
578 2608 653 2677 mihi
679 2605 774 2691 polius
795 2604 871 2684 lum,
892 2610 1001 2687 partim
1022 2609 1223 2687 hortantibus,
1242 2616 1373 2694 partim*

89 2764 94 2773 ¹
229 2711 233 2717 “
295 2747 297 2757 .
339 2689 506 2775 susceptum
524 2712 601 2773 opus
622 2692 873 2772 approbantibus,
889 2682 954 2753 non'
973 2692 1075 2773 prucis
1100 2694 1233 2757 eruditis.
1281 2698 1372 2761 Nou-l

274 2820 287 2841 t
339 2776 483 2857 equidem
496 2770 559 2836 sum
573 2776 708 2837 omnium
722 2774 932 2848 audaciffimus,
952 2794 1009 2837 nec
1022 2774 1086 2837 fine
1101 2778 1185 2837 omni
1205 2776 1371 2843 delibera-l

249 2854 252 2864 '
284 2898 310 2928 -,
338 2862 425 2923 tione
439 2875 471 2921 et
491 2858 600 2918 uitium
618 2877 753 2919 mearunt
772 2856 975 2926 aestimatione
995 2874 1111 2921 tantum
1132 2878 1214 2939 opus
1226 2848 1293 2923 sutn
1308 2870 1370 2945 rag-l

339 2938 450 3027 greffus
464 2939 539 3020 (quo
554 2939 627 3019 quid
643 2936 807 3019 queateffe
818 2938 973 3020 turpiori)
992 2958 1043 3002 eut
1064 2960 1114 3001 me
1129 2962 1224 3005 vuum
1238 2942 1273 3004 id
1289 2936 1369 3023 elli-l

340 3025 442 3087 ciendi
457 3022 629 3085 fucultatem
641 3022 753 3085 habete
764 3023 895 3097 credidi,
913 3022 956 3083 de'
975 3042 1035 3103 quo
1057 3024 1226 3104 complures
1249 3023 1368 3121 despossq

249 3157 252 3163 ,
341 3102 460 3174 ralieut.
476 3178 479 3182 ἵ
497 3104 556 3165 Sed
570 3105 684 3166 duabus
697 3106 966 3187 praecipuerebus
986 3104 1082 3167 fretus
1101 3104 1163 3167 sui:
1188 3106 1362 3176 tolerantie

340 3190 487 3262 laborum,
501 3187 611 3267 quitus
625 3189 658 3248 in
673 3187 799 3249 bonelio
813 3186 962 3267 propolim
978 3206 1041 3250 non
1057 3186 1145 3251 facile
1156 3184 1366 3305 succumbetq

342 3271 440 3337 soleo:
458 3286 491 3332 et
502 3269 646 3359 mediocri
659 3272 823 3331 multorum
844 3286 993 3331 annorum
1011 3270 1135 3353 graecae
1154 3273 1277 3353 liuguae
1303 3274 1360 3344 vsa

332 3375 373 3420 et
396 3353 621 3417 exercitatione.
665 3354 824 3417 Praeterea
845 3354 920 3415 milti
933 3352 1171 3415 Demosthenem
1185 3356 1307 3439 legenti
1325 3380 1345 3421 e
1362 3316 1365 3403 1

323 3436 457 3520 'saepius
490 3435 638 3514 relegenti
663 3456 728 3496 non
762 3451 879 3499 tantum
905 3432 999 3498 inesse
1023 3434 1203 3503 difficultatis
1231 3438 1330 3505 videb

339 3540 406 3598 tur,
424 3518 734 3600 quantum-plerique
754 3514 920 3597 persuasum
933 3519 1095 3581 haberent:
1117 3520 1183 3595 etp-fi
1197 3540 1259 3602 qua
1271 3523 1344 3587 diffi

322 3607 434 3667 -tultas
454 3598 631 3675 ess'et,'eam
651 3600 788 3681 pendete
808 3602 915 3681 partim
942 3602 979 3663 ab
1004 3603 1197 3681 ignoratione
1221 3606 1335 3688 lingua

338 3706 473 3770 graecae,
492 3702 571 3763 quae
582 3684 643 3744 iant
654 3704 717 3745 non
730 3686 842 3753 autoris
856 3684 943 3764 culpa
956 3683 1007 3759 est,
1025 3680 1075 3745 sed
1085 3688 1201 3751 leilotis
1211 3708 1223 3764 εΙ
1238 3694 1323 3769 perti

338 3773 376 3834 ab
388 3766 605 3848 exemplarium
620 3768 845 3846 deptauttione,
862 3766 901 3827 de
916 3768 1042 3846 qua'uos
1056 3788 1178 3849 quoque
1193 3788 1257 3849 uon
1273 3774 1326 3835 itti

305 3879 321 3927 fl
339 3855 384 3916 rit
397 3851 618 3930 conquerimur.
656 3853 732 3909 Nam
747 3868 815 3911 curn
827 3866 976 3911 oratorem
990 3850 1070 3911 laune
1084 3850 1217 3919 nostrum
1233 3852 1273 3915 fic
1291 3876 1331 3919 ce

339 3953 374 3999 te
394 3934 480 4011 loqui
499 3931 683 4010 oportuerit,
701 3950 734 3993 vt
754 3933 974 4005 acerdonibus,
997 3936 1136 4009 arauris,
1155 3934 1315 4016 abegrieo
1334 3942 1340 3955 “

341 4018 418 4097 (bos
429 4015 590 4080 ettimeius
606 4014 666 4079 fuit
678 4006 1133 4097 teutonumyinteuigeaerur:
1150 4022 1266 4099 putaui,
1293 4042 1329 4086 au

1131 4122 1305 4222 t'qu
