2917 4742
200 328 278 409 An
305 268 456 408 svvnt
493 329 944 406 nemost-tratrem.
1020 339 1143 428 ως·
1189 330 1200 355 ’“

119 534 167 593 quo
179 512 435 595 homines-brutis
454 512 638 576 antecellere
660 512 825 588 credimur,
853 511 927 593 picis
948 526 979 575 ot
993 510 1121 593 psittacis

121 598 261 659 lntiliotes
274 596 447 659 enodamus.
485 595 518 656 Si
524 598 603 657 recie
612 596 735 675 quidem
742 590 862 657 fortaffe'
869 598 905 657 ad
917 596 1120 661 intitutionem

120 682 279 757 loquamur,
307 677 388 759 quod
410 678 528 743 ratione
548 680 718 741 carentibus
746 680 839 739 etiam
866 680 1043 743 animalibus
1070 682 1122 743 ali·

120 764 223 838 quando
238 763 398 842 contingit,
416 757 559 839 sapiamus
574 780 693 835 autern,
710 760 791 840 quod
812 763 968 842 proprium
988 760 1119 828 hominis

120 844 160 918 eli,
177 866 284 925 patum
307 848 394 906 reite·
432 850 474 903 At
496 863 570 905 reto
592 849 645 923 qui
659 844 865 923 eloquentiam
886 844 1065 923 vituperant,
1085 862 1119 911 tt

117 929 382 999 ueteraomittam‚
398 944 495 987 artetn
511 928 576 989 eius
590 928 671 989 iuter
684 928 892 991 adulationum
905 923 1018 1005 speeies
1033 948 1120 1007 repo·
1169 958 1176 967 ·

119 1029 191 1087 nunt,
208 1030 304 1091 atque
318 1010 350 1071 id
364 1005 424 1071 eli'e
437 1011 555 1073 animae
569 1012 684 1085 dicunt,
706 1010 787 1089 quod
802 1012 921 1088 corpori
935 1007 977 1071 eli
997 1006 1120 1075 obsona-
1195 1082 1198 1091 ¹

119 1095 172 1154 trit.
190 1095 273 1173 Sicut
294 1095 379 1155 enim
392 1093 446 1155 illa
459 1095 547 1155 ratiis
561 1094 825 1159 condimentorum
838 1090 987 1153 illecebris
1001 1093 1121 1173 gustum

119 1174 271 1250 silliqnec
290 1176 454 1257 permittit,
474 1194 506 1237 rt
529 1176 665 1238 ciborum
679 1176 824 1239 naturalis
847 1194 877 1239 er
891 1174 1020 1237 sincerus
1035 1172 1122 1257 sapon

120 1260 364 1341 propinarunt*
382 1259 461 1319 harre
480 1261 568 1323 variis
581 1262 745 1327 verbotutn
757 1260 917 1319 lenociniis
930 1258 1065 1345 turpibus
1087 1278 1120 1323 et
1147 1308 1152 1325 .

120 1344 217 1405 iniustis
229 1343 323 1405 rebus
338 1341 499 1404 honestatis
515 1360 546 1405 er
560 1342 688 1405 iustitice
696 1336 794 1421 specie
807 1341 933 1405 obduda
939 1342 1120 1406 iudiciorum

118 1426 314 1487 solitudinem
326 1445 450 1487 omnem
470 1424 658 1505 distorquere
674 1445 712 1485 ac
731 1443 916 1505 peruenere.
956 1424 997 1485 Vt
1014 1426 1120 1503 quibis

121 1506 306 1581 assentiantur,
327 1524 536 1585 contraquam
554 1512 669 1589 priores
683 1509 729 1570 illi
742 1509 899 1583 iaciebant,
919 1505 996 1569 nihil
1016 1509 1121 1569 admit·

119 1610 170 1652 tete
182 1591 245 1653 sne
257 1588 428 1671 suspicione
440 1594 543 1672 velint,
564 1591 645 1671 quod
665 1590 786 1669 aliquod
801 1592 832 1653 in
847 1586 877 1653 se
898 1592 948 1651 vel
963 1590 1119 1655 mediocre

120 1674 298 1753 eloquentiae
313 1690 524 1737 ornamentum
539 1677 684 1737 aclumcn
693 1668 1044 1754 praeseferrevideatur,
1055 1675 1120 1735 elo·

121 1759 324 1835 quentiamque
338 1756 475 1817 onmium
488 1778 569 1839 pene
581 1759 728 1819 malorum
746 1757 781 1821 in
799 1752 892 1819 causs'tt
913 1752 973 1819 elie
992 1756 1121 1819 homini·

120 1838 163 1899 bus
178 1842 374 1905 obtuentur.
399 1841 471 1919 quip
495 1861 601 1903 ecum
626 1860 664 1901 ea
685 1860 777 1920 praua
798 1858 836 1899 ert
852 1834 882 1901 se
905 1838 954 1915 sit,
978 1860 1043 1905 non
1062 1837 1120 1902 nili

121 1943 195 2000 praue
207 1925 251 1985 vti
265 1918 414 2003 quispiam
430 1863 524 2003 poiitr.
563 1928 641 1985 Nam
656 1922 677 1984 st
692 1921 732 1984 ad
746 1941 901 1997 cerastes,
946 1942 995 1993 uas
1008 1924 1042 1986 in
1057 1924 1121 1986 aui·

121 2024 158 2064 no
170 2006 325 2080 habemus,
344 2006 568 2085 exprimendas,¹
585 2028 649 2068 non
666 2005 704 2069 ad
716 2003 874 2087 fingendas
888 2004 930 2067 sal
959 2008 1120 2069 setlucan·

121 2088 159 2151 du
175 2108 211 2151 ea
227 2091 273 2151 rti
296 2090 457 2163 vellemus,
481 2084 547 2151 satis
566 2088 815 2170 virumquemque
833 2090 866 2149 in
889 2108 924 2151 ea
943 2108 999 2164 re,
1026 2106 1120 2167 quam

120 2172 185 2234 bene
195 2175 297 2247 nouit,
315 2168 375 2233 esse
389 2173 586 2251 eloquentem
594 2168 686 2252 poii'e.
705 2167 756 2233 sed
769 2170 897 2247 mitons
915 2172 989 2233 baec
1003 2173 1120 2252 reuera,

111 2272 146 2319 et
171 2276 232 2317 nou
265 2254 308 2327 ad
341 2253 500 2318 homiuum
533 2257 746 2337 petulantiam,
771 2254 951 2333 quibuscum
977 2256 1121 2334 loquebaa

121 2356 163 2413 nr,
180 2337 393 2420 exagitandam
410 2339 525 2408 diceret
550 2340 703 2413 Socrates,
722 2338 837 2417 quippe
860 2341 1119 2419 quieamturpem

121 2416 174 2481 bne
188 2422 356 2488 doctrinam
370 2418 500 2502 gloriose
512 2416 742 2501 profiterentur,
762 2440 821 2499 qua
834 2420 917 2496 caula
933 2421 1059 2483 inlerior
1076 2421 1119 2481 di·

121 2504 200 2565 tendo
218 2500 362 2584 superior
383 2501 569 2580 efficeretur,
588 2525 642 2566 cur
663 2503 844 2567 medicinam
861 2505 1014 2577 laudaret,
1030 2560 1033 2572 ,
1048 2522 1119 2565 curn

120 2583 177 2665 ipsa,
191 2609 269 2667 quae
290 2583 470 2649 adsalutem
490 2588 648 2649 hominum
669 2590 797 2649 inuenta
817 2588 877 2663 esi,
897 2590 933 2649 ad
949 2588 1119 2667 perniciem
1185 2612 1188 2625 ¹

122 2673 243 2732 nonnulli
264 2669 422 2735 interdurn
435 2671 612 2733 abutantur.
639 2692 702 2733 non
725 2670 809 2731 enim
823 2670 905 2753 quod
919 2668 1073 2733 eleiliouis
1089 2686 1122 2733 et
1197 2712 1202 2734 t

122 2751 233 2815 luminis
248 2756 359 2816 vitium
360 2754 425 2841 τιὲίί,
445 2755 501 2816 acti
514 2754 557 2815 esi
571 2752 807 2819 attribuendum.
846 2758 924 2822 Nam
950 2736 1119 2832 eloquen'di

125 2838 340 2910 ecdicendiars‚
360 2857 440 2916 quae
454 2836 664 2911 rhetoricaest,
683 2856 751 2897 cum
764 2835 997 2899 instrumentum
1011 2835 1062 2911 lit,
1082 2856 1120 2897 oc
1136 2875 1140 2881 -

123 2916 206 2981 smilis
219 2920 407 2994 dialesiicae,
429 2919 586 2981 laudabilis
600 2920 729 2983 accitae
743 2920 892 2983 humanae
906 2939 1052 3002 perquam
1065 2939 1119 3002 ne·
1199 2961 1201 2973 .

125 2998 226 3065 celiaria
235 3002 372 3077 facultas,
390 3022 469 3082 quae
481 3024 547 3071 nun
561 2999 644 3065 secus
658 3019 750 3082 atque
764 3004 817 3063 illa
830 3024 894 3067 non
915 3004 1048 3083 aliquam
1066 3003 1118 3065 de·
1209 3038 1215 3047 ·

124 3081 260 3147 suitamac
269 3087 549 3159 certammatetiam
562 3086 662 3160 habet,
680 3089 782 3166 inqua
796 3085 936 3161 versetur,
944 3084 994 3148 sed
1004 3091 1036 3149 in
1046 3108 1121 3147 una-

124 3186 223 3248 quaque
237 3190 270 3232 re
278 3170 522 3250 probabilitatem
531 3170 660 3251 indagat,
675 3188 766 3249 atque
778 3170 906 3245 inuenit,
923 3190 983 3237 tarn
996 3170 1120 3238 delitui-

124 3264 161 3308 tur
171 3272 202 3311 ac
215 3255 344 3325 tollitur,
361 3250 381 3312 fi
395 3253 506 3313 ineius
521 3254 566 3313 rei
585 3252 796 3334 praestantiam
817 3267 1047 3326 transmutetur,
1070 3253 1120 3315 cui

125 3336 282 3412 applicatur,
294 3355 384 3415 quam
398 3334 419 3396 si
433 3335 497 3397 eius
508 3337 564 3414 qui
575 3356 611 3400 ea
620 3338 720 3410 utitur,
728 3336 857 3415 prauitas
865 3334 917 3416 ipfi
926 3334 1119 3403 adscribatur.
1217 3346 1221 3369 ¹
1261 3340 1266 3353 '

125 3413 369 3486 Quemadmodum
382 3420 466 3479 enim
479 3419 657 3481 dialeiiicali
669 3418 844 3497 decipiendi
881 3420 1010 3500 topolito
1018 3416 1120 3481 distor-

125 3516 240 3576 queatur,
259 3502 620 3581 dialei'ticanonamplius
634 3502 686 3575 eli,
704 3500 755 3563 sed
770 3442 922 3581 sopitiliica
935 3522 965 3565 et
980 3523 1014 3563 ca
1037 3498 1119 3577 dosa,

126 3582 193 3645 cuim
204 3605 264 3645 non
278 3588 311 3649 in
326 3592 400 3658 arte,
418 3580 469 3645 sed
484 3584 517 3644 in
531 3586 681 3648 abutentis
699 3588 866 3659 uoluntate,
878 3586 985 3646 vitium
999 3526 1059 3647 eil:
1078 3582 1119 3647 fic
1298 3652 1300 3665 ¹

126 3661 262 3743 rhetorica,
279 3686 359 3749 quae
373 3668 450 3729 saliit
464 3687 497 3728 ac
510 3669 632 3749 decipit,
651 3671 723 3731 licet
737 3686 849 3729 nomen
859 3668 938 3729 aliud
949 3667 1120 3735 distirtilum
1192 3687 1194 3693 “

129 3764 178 3805 non
196 3749 309 3827 habeat,
327 3747 380 3811 sed
394 3750 553 3815 Rhetorica
572 3754 663 3813 etiam
684 3748 745 3832 ipsa
759 3751 938 3832 appelletur,
960 3752 1121 3814 Rhetorica
1196 3758 1209 3777 ’·

126 3842 208 3890 nmen
220 3854 281 3895 non
295 3833 355 3906 est,
373 3826 425 3895 sed
438 3830 573 3913 captiosa,
593 3852 625 3897 et
639 3832 711 3897 laiso
723 3834 890 3909 Rhetorica,
912 3836 986 3898 uitio
1007 3837 1120 3899 utentis

158 3912 251 3977 messa.
290 3916 381 3992 Quae
401 3919 509 3979 merito
531 3917 656 3997 quidem
674 3921 878 3999 vituperatur,
897 3918 989 3981 modo
1005 3938 1076 3979 tum
1088 3917 1120 3981 id

144 3996 318 4093 thronum
327 4002 519 4083 pronitatem
533 4018 624 4076 tunc,
643 4023 708 4067 non
736 4018 841 4077 artent,
855 4003 1041 4083 reprehendi
1055 4020 1124 4063 nun

326 4160 331 4166 .
411 4143 420 4181 s
981 4149 983 4165 ¹
1035 4084 1121 4165 igno·
