2917 4742
337 245 350 281 Ι

170 373 191 495 ,Ι
257 397 260 418 ,
292 368 396 487 ΜΟ
419 306 469 471 11),
515 363 844 471 „muntiant
883 364 1085 438 wotrrr

320 560 363 634 ui,
377 552 487 637 quaest
500 548 658 629 facilitate,
672 573 728 633 pro
743 550 873 613 amicitia
886 548 985 613 nostra
999 566 1063 611 non
1088 540 1236 611 recusauit
1255 524 1331 610 colt-

264 714 270 719 ,
300 578 382 707 serre
397 658 518 701 mecum
534 628 570 699 ad
587 656 728 719 graecum
740 636 899 714 exemplar
914 651 1056 715 magnam
1077 628 1327 693 Demosthenicu-

301 744 369 800 rum
383 725 554 785 orationum
568 737 693 801 partem,
713 736 744 781 et
759 718 797 779 de
813 717 914 780 multia
928 712 1072 779 sermonis
1099 716 1179 777 vitiis
1204 733 1255 774 me
1270 712 1327 775 ad-

238 865 243 876 ,
286 808 439 883 'monuit,
460 824 539 883 quae
555 824 629 885 ego,
648 801 744 863 fretus
765 800 924 863 autoritate
949 800 1118 861 recentium
1138 794 1328 877 scriptorum,

159 952 164 959 ,
209 888 212 893 ’
238 922 244 930 ·
303 888 484 976 quorumab
499 888 625 949 ineunte
639 894 738 964 aetate
753 888 821 963 plus
836 878 901 947 satit
917 874 962 945 sui
987 878 1148 956 studiosus,
1176 898 1247 943 ante
1268 876 1328 959 pre

303 974 385 1037 ‘titiis
404 968 641 1033 nonhabebamt
662 966 933 1041 nuncadmonitns,
953 966 1099 1047 pleraque
1110 963 1199 1027 sacile
1212 978 1328 1023 cauere

257 1054 260 1066 '
304 1050 387 1139 pofl'e
401 1053 515 1133 uideor.
546 1052 706 1130 Denique,
726 1050 777 1111 vbi
791 1068 842 1111 me
855 1047 929 1111 haec
948 1051 1049 1111 omnia
1073 1032 1216 1128 praesrdia
1236 1044 1329 1107 desti·

200 1186 207 1199 ,
263 1169 266 1187 =
305 1154 404 1213 ruunt,
422 1132 599 1210 nantildem
617 1154 670 1195 cut
685 1154 748 1194 non
766 1136 796 1193 in
812 1134 901 1209 aequi
914 1133 1032 1193 ledonis
1051 1130 1238 1197 humanitate
1261 1146 1328 1189 cer-

206 1218 215 1229 '
305 1215 442 1285 tissrmam
462 1218 571 1280 veniae
589 1213 605 1279 s
622 1235 672 1277 em
694 1216 852 1297 repofitam
873 1212 987 1277 hibere
1000 1214 1140 1276 debeam:
1163 1210 1215 1275 etsr
1232 1208 1330 1273 conli-

304 1318 377 1379 teat,
397 1319 448 1363 me
461 1302 589 1362 velutin
601 1240 724 1361 dalebris
742 1300 879 1361 haerere.
920 1300 956 1359 ln
971 1318 1033 1381 quo
1047 1317 1104 1379 ego
1128 1290 1256 1361 suauiter
1277 1298 1329 1355 irr-

306 1385 427 1452 'terdu'm
442 1402 549 1445 eorum
564 1383 663 1444 ridere
678 1378 759 1443 soleo
778 1383 927 1462 puerilem
942 1380 1149 1461 arrogantiam,
1169 1380 1220 1459 qui
1238 1370 1331 1439 insci-

208 1503 212 1515 =
307 1472 381 1534 tiam
413 1465 494 1528 suam
521 1466 559 1525 ab
587 1467 680 1527 acutis
707 1466 868 1528 leclorilrus
907 1464 1121 1544 deprehendi,
1154 1482 1243 1541 quam
1277 1463 1329 1521 in·

138 1575 142 1589 ·
204 1541 216 1607 ¹.
305 1570 408 1635 genue
438 1545 593 1625 confiteri,
612 1550 750 1635 malunt„
797 1544 889 1620 Quasr
926 1566 1006 1623 vero,
1033 1564 1193 1627 propterea
1219 1542 1254 1607 sra
1277 1564 1331 1607 re-

305 1627 565 1717 prehendendua',
605 1631 626 1692 fi
664 1629 729 1711 post
762 1629 927 1693 adhibitam
961 1648 1085 1690 omnem
1123 1628 1327 1709 diligentiam,

223 1744 227 1753 ¹
307 1715 455 1799 quaedam
499 1712 674 1795 ignoraris?
711 1728 762 1774 aut
804 1715 881 1775 ullus
924 1713 1051 1774 omnino
1089 1710 1124 1773 stt
1169 1729 1254 1773 autor
1287 1711 1328 1771 in

305 1816 433 1878 atraque
447 1798 607 1879 liuguarel
620 1796 778 1871 minimus,
796 1796 834 1857 de
849 1796 932 1857 cuius
946 1796 1019 1859 locis
1027 1795 1141 1875 aliquot
1155 1814 1217 1855 non
1231 1792 1265 1855 fit
1274 1794 1334 1854 ho·

305 1882 384 1944 latini
398 1880 557 1962 prudenti,
577 1896 608 1941 et
619 1880 764 1961 iudicium
781 1881 845 1941 hon
865 1880 1088 1959 praecipitanti,
1105 1876 1333 1939 dubitandum?

231 2039 244 2051 ἱ
280 2018 285 2023 .
306 1962 392 2040 Quid
405 1962 445 2024 de
459 1959 664 2023 Demosthene
684 1960 833 2037 dicemus,
855 1963 918 2041 'qui
938 1967 1057 2045 praeter
1078 1964 1143 2021 loca
1164 1960 1336 2042 deprauata

307 2048 478 2127 complura,
495 2064 556 2106 tam
569 2052 689 2120 acutus,
706 2062 766 2106 tam
782 2044 898 2119 brenlt,
927 2060 989 2106 tam
1010 2044 1171 2119 rotundus,
1199 2060 1258 2105 tarn
1278 2044 1330 2105 ltr-

305 2126 480 2203 tricaret,
496 2146 528 2187 vt
544 2148 601 2210 ego
623 2128 746 2207 quidem
757 2126 793 2188 iis
813 2122 962 2207 ignoscam
986 2128 1038 2207 qui
1058 2128 1122 2189 eius
1144 2122 1331 2189 seutentiam
1371 2170 1372 2175 η

247 2218 255 2237 ’
307 2212 418 2277 alicubi
432 2230 496 2271 uon
509 2204 576 2271 sunt
589 2206 724 2271 assecuti:
740 2228 770 2271 et
790 2204 1005 2291 ignoscendum
1021 2210 1103 2285 milri
1114 2224 1234 2290 putem,
1252 2208 1274 2271 sr
1288 2212 1330 2271 in

307 2295 475 2376 lamlougo
493 2301 587 2373 opere
600 2292 762 2373 aliquando
779 2288 908 2354 somnus'
919 2288 1097 2373 obrepserit,
1123 2292 1330 2361 diuturnitate

208 2411 218 2419 .
305 2379 444 2440 laborum
457 2393 489 2437 et
501 2376 669 2458 vigiliarum
689 2374 867 2456 delatigoto:
888 2376 920 2437 irr
940 2394 1049 2457 magna
1061 2372 1232 2456 praesertim
1248 2393 1331 2437 terrr-

303 2462 389 2543 'potis
403 2459 567 2533 breuitate,
581 2459 744 2537 multisque
765 2459 973 2519 incommodis.
1012 2458 1089 2521 Nalm
1110 2478 1179 2520 cum
1198 2476 1328 2539 praeter·

203 2536 209 2547 ’
299 2546 424 2606 'caetera
437 2542 514 2603 mala
527 2558 559 2602 et
573 2540 709 2623 negotia,
730 2556 808 2620 quae
822 2562 885 2603 non
899 2560 992 2621 pauca
1012 2560 1071 2602 neo
1088 2543 1226 2623 opinanti
1238 2542 1329 2603 obie-

269 2693 272 2700 ,
301 2622 446 2700 nasum,
471 2622 603 2685 docendi
615 2643 666 2684 me
686 2624 771 2684 labor
793 2642 952 2703 quaternae
978 2622 1101 2705 hugutio
1123 2622 1190 2687 sere
1211 2622 1327 2693 diebus

235 2728 237 2735 ·
304 2710 394 2773 horas
408 2708 568 2783 detineret,
581 2711 678 2787 'eaque
689 2706 844 2786 prouincia
854 2708 980 2787 optimas
1002 2728 1136 2787 quasque
1159 2708 1247 2773 boras
1268 2702 1328 2771 suo
1370 2706 1371 2712 '

305 2788 361 2855 sibi
372 2793 439 2854 iu'te
452 2790 640 2865 vendicaret,
666 2809 699 2849 ac
713 2789 835 2850 uixdum
848 2786 1021 2870 aggressum,
1033 2808 1101 2851 cum
1117 2792 1247 2853 manime
1261 2788 1328 2852 fer·

303 2874 395 2936 vebat
414 2868 548 2948 animur,
568 2870 702 2935 emedio
722 2874 902 2953 plerumque
923 2873 1018 2933 veluti
1046 2869 1130 2935 cutsu
1152 2884 1327 2949 reuocaret,

300 2960 373 3019 'cum
386 2976 450 3016 non
464 2973 495 3016 vt
508 2949 732 3016 Demosthenes
750 2956 782 3015 in
802 2950 994 3017 subterraneo
1009 2951 1098 3036 specu
1116 2957 1234 3019 abditus
1246 2958 1327 3019 late·

150 3054 156 3065 '
246 3110 250 3119 ι
299 3040 378 3116 rem,
395 3034 447 3099 sed
459 3039 491 3097 in
500 3038 823 3099 locoturhulentissrmo
838 3034 973 3099 versarer‘
976 3084 983 3112 ,
1009 3038 1100 3115 adeo,
1117 3058 1149 3103 vt
1162 3038 1326 3102 interdum

300 3134 385 3204 'pene
406 3114 644 3182 obsurdescerem
667 3112 790 3201 strepitu
804 3138 835 3182 et
854 3121 1030 3183 clamoribus
1051 3122 1224 3185 hominum:
1252 3141 1324 3185 non
1349 3128 1361 3139 '

304 3206 441 3287 pluribus
454 3220 556 3264 tamen
569 3200 721 3264 mentibus
735 3202 785 3281 (id
799 3204 881 3285 quod
893 3206 1079 3266 conuiilorea
1101 3206 1162 3269 mei
1179 3224 1211 3269 et
1230 3205 1323 3269 sami-

299 3289 392 3349 liares
407 3306 471 3346 non
484 3286 574 3367 pauci
594 3282 731 3359 norunt)
745 3304 842 3348 totum
856 3286 950 3349 latine
963 3285 1117 3369 conscripfi
1136 3286 1325 3351 Demosthe·

214 3367 219 3385 '
300 3380 372 3433 trem
389 3368 425 3430 ab
440 3369 529 3430 initio
543 3388 639 3449 utque
653 3367 692 3429 ad
704 3366 813 3445 linem,
835 3388 924 3449 quarn
939 3371 990 3449 qui
1007 3372 1037 3431 in
1055 3390 1100 3433 tot
1112 3364 1323 3455 occupationi·
1368 3428 1369 3441 ,

299 3452 356 3515 bus
370 3452 408 3514 ad
421 3450 584 3533 diligenter
597 3451 817 3533 perlegendum
832 3454 1030 3533 requirantur.
1070 3452 1171 3527 Quare
1179 3454 1322 3522 beatiisti

201 3552 206 3559 ·
299 3548 331 3597 et
351 3534 452 3611 otiofi,
470 3537 540 3615 qui,
558 3532 580 3596 sr
596 3554 685 3595 unam
705 3553 796 3615 atque
811 3533 1173 3611 alteramDemoslhenir,
1194 3556 1245 3601 aut
1259 3536 1323 3601 lso·

299 3619 402 3694 cratis,
418 3618 586 3679 aliorumue
606 3613 781 3698 scriptorum
802 3618 1034 3695 oratiunculam,
1061 3622 1200 3703 longiore
1220 3622 1321 3685 etiam

255 3753 260 3773 ,
295 3696 399 3845 ppulo,
422 3720 512 3780 quam
525 3700 680 3798 elephanti
698 3702 833 3781 pariunt,
853 3703 1056 3766 elucubratam
1080 3705 1246 3781 ediderint,
1268 3706 1320 3771 dii

306 3784 348 3845 rhi
362 3782 518 3871 videntur,
539 3785 637 3864 inrqui
650 3783 681 3843 in
694 3784 866 3845 meiudicer
882 3780 940 3847 esse
957 3806 1019 3846 non
1037 3786 1201 3851 debebunt.
1242 3790 1317 3864 Ego

294 3867 386 3941 enim,
406 3864 564 3928 srfottuna
573 3872 740 3945 pateretur,
758 3886 862 3928 eorum
885 3867 1056 3929 tarditatem
1083 3872 1194 3933 imitari
1217 3862 1316 3935 sa'cile

210 3965 214 3973 ·
290 3946 423 4028 pollemr
445 3948 497 4028 ipfi
510 3958 606 4009 meam
620 3952 865 4028 properationem
881 3948 1000 4013 sortasse
1016 3972 1079 4013 non
1101 3955 1306 4019 imitarentur.
1366 3950 1367 3953 '

286 4034 396 4115 Neque
409 4031 484 4097 haec
497 4032 703 4097 ostentationis
710 4028 1009 4116 maledicosmeque
1019 4036 1103 4099 eninr
1116 4034 1224 4121 nescio,
1240 4059 1309 4103 non
1366 4008 1367 4071 l

677 4150 680 4157 ·
1080 4138 1083 4143 ·
1241 4138 1307 4182 tam

665 4252 688 4295 Ι
