2917 4742
133 390 367 491 nature.
397 328 980 467 omnmrnnimo
1035 408 1126 465 nn

132 579 238 642 naoauit
253 532 441 639 Guillrelmur
461 552 609 638 Budaeus.
654 577 772 639 Varum
797 553 1018 658 vt'puerilibur
1041 574 1125 655 inge-
1157 600 1162 617 ι
1259 632 1264 639 ,

131 663 178 723 niis
195 664 339 722 Romanae
359 660 495 741 Linguae
514 678 578 719 non
592 658 689 721 statim
709 660 919 725 accommodus
937 655 979 719 est
993 658 1037 719 M.
1052 656 1125 717 Tul·

130 745 182 819 lior,
199 743 356 824 qui,l·'abio
370 741 479 817 indite,
499 742 577 802 nolli
590 743 678 805 valde
694 744 800 823 placet,
825 742 879 805 nifi
895 742 948 821 qui
965 740 1025 817 jam
1038 756 1123 836 egre·

130 826 351 907 gieproseceritt
369 826 412 889 ito
424 827 605 886 Graecarum
625 827 780 887 liternum
803 826 941 905 peritiam
965 822 1123 885 ambienti·
1218 876 1222 883 .

129 909 171 969 but
181 930 239 970 non
250 910 379 971 arbitror
384 906 544 969 admodum
558 906 979 980 conuenitellemosllienem,
992 906 1045 984 qui
1052 905 1122 993 pluo

128 992 285 1053 urialrabet
299 993 333 1053 in
348 986 468 1065 recessu,
487 1010 577 1069 quam
611 992 686 1051 rima
697 990 802 1053 fronte
817 992 887 1071 prae
904 986 934 1050 se
949 986 1034 1051 serat.
1063 986 1122 1047 Hic

127 1068 1123 1238 llllllllll‘sssllll„llllfflll‘llll‘'llllllt
1192 1132 1194 1141 ⁴

129 1240 195 1319 quod
207 1240 245 1301 de
258 1242 304 1302 M.
321 1240 424 1301 Tullio
436 1235 576 1319 scripsitq.
598 1239 712 1315 Fabius,
735 1240 799 1321 pari
812 1242 879 1301 iure
894 1237 932 1298 de
944 1234 1124 1299 Demosthe·
1162 1232 1171 1239 ’

128 1342 159 1383 ne
170 1322 224 1383 dici
236 1319 350 1405 potest:
368 1322 395 1383 ir
412 1316 444 1383 le
461 1318 530 1385 sciat
550 1324 583 1382 in
597 1339 663 1385 arte
675 1322 796 1385 dicendi
810 1317 981 1405 prol'ecifl'e,
1000 1319 1049 1379 cui
1061 1319 1122 1379 De·

127 1405 282 1467 nolllenee
302 1404 391 1466 valde
410 1406 530 1485 placere
551 1408 695 1487 coeperit.
736 1402 1003 1480 Quemadmodum
1021 1400 1122 1463 tabula

127 1506 220 1569 magno
240 1486 369 1551 artificio
391 1488 508 1567 depisla
542 1508 634 1549 nemo
663 1509 848 1570 magnopere
868 1488 1032 1551 deledatnr
1051 1485 1122 1545 arria
1200 1556 1203 1567 Ι

126 1560 1121 1735 tltet:statatlclnlell?ultrast„lulli

127 1736 170 1798 rifi
181 1755 209 1798 er
221 1736 382 1798 rhetoricis
400 1737 661 1817 praeceptionibus
680 1740 864 1812 exercitatis,
883 1754 915 1797 et
932 1733 1121 1797 historiarum

126 1820 281 1898 cognitione
298 1820 457 1882 instrueris.
491 1821 597 1899 ltaque
615 1821 727 1901 patiar,
746 1838 778 1883 vr
798 1840 873 1902 puer
885 1816 1007 1899 quidem
1029 1816 1123 1895 degn·
1179 1892 1183 1906 Ι

126 1898 169 1963 set
179 1902 425 1977 Demosthenem,
444 1898 495 1965 sed
509 1903 546 1963 ad
563 1922 634 1964 eum
648 1900 725 1965 serio
740 1903 851 1979 redeat,
868 1904 932 1963 iarn
944 1899 1037 1963 lacius
1052 1916 1122 1959 ocu·

125 1984 203 2061 latior,
219 2007 281 2065 quo
298 1982 456 2067 perspiciat
471 1985 556 2046 illam
574 2006 647 2047 vere
666 1988 785 2049 atticam
799 2004 958 2060 venerem,
974 1980 1056 2045 illud.
1070 2000 1120 2045 ex·

125 2064 219 2129 cusum
229 2068 388 2142 indicium,
403 2068 454 2129 illa
465 2064 580 2129 summo
593 2068 718 2131 artificio
731 2086 868 2131 contorta
885 2066 1120 2147 enthymemata,
1194 2104 1197 2113 .

128 2152 260 2237 postremo
276 2152 340 2211 vim
353 2152 437 2212 illam
452 2153 592 2213 omnibus
612 2152 827 2228 admirabilem,
845 2152 896 2213 vix
920 2152 972 2210 ulli
992 2146 1122 2207 imitabi-

126 2233 185 2294 lem.
218 2236 352 2315 Eleguns
366 2234 490 2295 interim
508 2233 601 2296 suerit
617 2236 809 2311 exercitatio,
829 2234 909 2315 quod
929 2254 948 2293 a
967 2229 1121 2291 veteribus

126 2318 266 2378 nonnullis
277 2318 390 2380 lactum
403 2315 491 2379 estin
506 2320 642 2380 llornero
655 2338 690 2379 ac
705 2320 847 2399 Virgilio,
871 2316 891 2377 fi
907 2317 972 2395 quis
984 2313 1066 2374 idern
1078 2310 1123 2375 sa·

125 2399 211 2459 ciarin
224 2398 436 2461 Demosthene
448 2400 537 2461 etM.
548 2403 668 2477 Tullio,
688 2418 721 2463 vt
743 2422 781 2465 ex
802 2400 962 2463 collatione
982 2398 1119 2459 lotorum

125 2478 326 2560 deprehendat,
345 2482 418 2561 quid
431 2482 480 2558 hic
494 2483 532 2545 ab
547 2486 601 2545 illo
615 2484 649 2545 sit
661 2502 830 2560 mutuatur,
847 2483 944 2546 etthi
966 2478 1067 2541 noster
1086 2475 1121 2538 fit

125 2562 223 2626 Graeco
236 2586 301 2646 par,
320 2565 372 2627 ubi
386 2559 528 2643 superior,
548 2567 600 2631 vbi
613 2568 650 2629 ab
668 2561 1122 2648 exemplarinonnihildegene-

126 2664 163 2706 ret
175 2648 311 2713 imitatio
353 2648 414 2709 Vix
428 2650 486 2711 alia
497 2668 545 2711 rea
560 2668 658 2729 aeque
671 2649 813 2713 conducit
833 2650 871 2711 ad
891 2645 1057 2729 parandum
1075 2644 1120 2703 iu·

124 2728 229 2792 dicium.
270 2736 344 2793 Non
366 2730 417 2793 hic
442 2728 590 2795 sumturus
617 2729 681 2797 sum
700 2752 824 2812 operam
845 2734 878 2795 in
895 2726 1044 2793 laudando
1058 2726 1121 2785 De·

124 2812 282 2889 mosthene,
302 2814 341 2875 ad
361 2834 453 2894 quem
470 2837 526 2895 pro
542 2816 689 2895 dignitate
709 2814 943 2897 praedicandum
959 2802 1125 2893 opus'effet

124 2896 285 2974 eloquentia
303 2896 553 2968 Demosthenica:
580 2901 642 2959 into
664 2901 749 2960 nulla
771 2901 871 2984 potius
895 2908 970 2979 opus
993 2890 1035 2956 est
1058 2892 1122 2952 elo·

124 2981 232 3053 quentia
244 2980 284 3043 id
300 2998 372 3040 eum
388 2979 578 3055 laudandum,
598 3000 691 3061 quem
702 3002 763 3045 vno
780 3004 833 3045 ote
846 2983 879 3045 in
891 2974 1120 3043 eoelumscrunt

125 3077 224 3123 omnen.
244 3082 305 3125 nec
325 3062 383 3125 tibi
410 3064 504 3125 calcar
529 3064 643 3127 addere
662 3063 803 3140 studebo,
834 3062 948 3143 Georgi
969 3058 1121 3203 catillimes
1208 3080 1214 3085 ·
1305 3059 1331 3108 -'

126 3160 201 3219 quem
213 3141 366 3225 conspicio
378 3147 411 3207 in
425 3144 483 3207 hoc
500 3146 704 3227 pulcherrimo
714 3146 808 3209 stadio
814 3140 1094 3229 tuaptesponteltau

124 3220 238 3305 segniter
256 3246 441 3291 currentem.
482 3228 631 3305 Quaeres,
645 3231 726 3292 vnde
754 3230 828 3295 mihi
856 3230 994 3313 cognitur
1021 3220 1121 3285 cursus
1237 3292 1242 3306 κ

124 3322 195 3383 tour,
220 3311 275 3389 qui
289 3326 326 3385 ,te
346 3328 504 3392 nunquam
518 3312 655 3374 viderim.
694 3315 852 3393 Optimam
863 3315 907 3377 toi
934 3328 1036 3387 ¹{artem
1052 3302 1125 3379 vidi,

124 3388 279 3486 adolescens
292 3391 624 3471 commistione-adeo
638 3392 691 3462 ira
731 3396 770 3467 ὦς
786 3414 817 3459 te
828 3394 903 3458 mihi
914 3334 965 3456 sito
979 3388 1125 3473 penicillo

125 3472 246 3551 depinxit
271 3476 312 3540 Vi
347 3478 391 3539 'ur
418 3477 610 3552 Zrticltemur,
629 3478 688 3541 hau
730 3481 861 3563 vulgaria
875 3475 992 3551 artisex,
1006 3472 1057 3537 cui
1071 3468 1123 3531 do·

124 3554 230 3621 mellica
240 3578 300 3621 ton
333 3560 460 3626 etudine
466 3562 589 3643 penitus
601 3562 779 3643 cogniturae
792 3558 961 3643 perspeslus
975 3576 1017 3621 er.
1035 3551 1122 3625 Quin
1206 3610 1213 3633 ,

127 3654 182 3700 rute
194 3641 266 3703 milri
285 3638 417 3724 teipsum
434 3646 494 3705 tois
509 3644 548 3705 ad
561 3663 613 3705 me
623 3646 722 3707 literis
736 3644 775 3707 sic
790 3642 966 3725 exprellisli,
986 3654 1019 3701 vt
1036 3636 1057 3701 fi
1074 3654 1122 3698 co·

126 3740 179 3780 nm
197 3720 325 3799 aledea,
345 3728 414 3807 plus
434 3726 723 3807 videre-nequeam.
763 3728 830 3791 lllic
848 3722 1033 3799 exosculatur
1055 3716 1120 3783 sum
1211 3740 1220 3759 r

125 3801 198 3867 illan
215 3806 336 3871 felicem
356 3808 494 3874 indolem
511 3828 607 3884 roam,
633 3813 695 3889 qui,
709 3810 760 3872 vix
776 3806 905 3893 egressus
918 3826 1032 3871 annum
1046 3802 1125 3866 deci·

129 3903 198 3961 mi
213 3886 335 3967 saturo,
355 3888 461 3953 scribas
472 3892 610 3973 epistolas
625 3896 757 3972 primum
769 3894 850 3957 bene
870 3893 989 3966 latinae,
1010 3883 1123 3951 dein'de
1245 3926 1249 3936 .

129 3971 309 4122 &pluria
327 3973 422 4050 socio,
439 3971 571 4072 senibus
592 3978 720 4071 argutio,
753 3994 784 4039 et
806 3994 875 4071 apte
894 3974 948 4037 fibi
969 3968 1125 4035 connexio.
1188 4034 1192 4047 ¹

214 4057 496 4179 autemcollaudem
508 4058 784 4221 mwffium
799 4080 833 4123 ac
852 4058 1011 4129 moralem
1032 4048 1146 4206 ppedlg'
