2917 4742
116 380 181 455 to
219 380 367 455 avrti
396 348 994 460 onocentaurorum.
1046 398 1139 485 1185

113 560 241 646 eoosqae
254 558 415 640 studiosae,
434 581 468 627 vt
483 584 557 629 eom
578 564 671 656 oiliea
685 557 736 627 soa
755 582 847 637 manu
867 556 1049 650 desciipliffe
1068 592 1137 653 per·

111 650 272 723 biberetur,
286 667 318 711 et
332 644 472 710 absumtis
485 650 631 712 incendio
638 648 769 731 quodam
779 652 890 715 cundia
901 658 1133 734 exemplaribot,

112 754 157 795 eas
172 731 310 797 historiar
318 733 495 793 memoriter
508 730 738 813 redintegrasse,
759 734 796 796 ab
812 752 850 796 eo
866 726 1042 798 densitatem
1049 740 1135 801 illam

113 813 352 893 maiestatemque
371 810 592 877 sententiarum
609 815 770 878 derioauit.
821 822 849 878 Α
870 816 1030 882 ἀίιιΙεὲὶὶιίι
1049 838 1150 902 argo·¹

112 900 332 960 mentationum
346 893 539 974 subtilitates,
553 918 572 961 a
586 898 767 960 llbetoriboa
780 916 894 979 genera
907 898 1072 981 causarum,
1087 906 1133 967 itt·

110 980 288 1061 irritamque
299 979 509 1059 quaestionum
521 983 697 1043 uarietatem
712 982 860 1061 adripuit:
880 1000 911 1045 et
932 1004 1001 1047 com
1022 1006 1059 1048 err
1080 984 1132 1051 sua
1251 1016 1259 1023 ·

110 1084 168 1125 arte
181 1066 322 1125 colorem
332 1064 491 1141 orationis,
507 1080 546 1126 ert
561 1060 663 1139 scena,
678 1079 771 1145 atque
788 1065 980 1129 histrionibus
993 1074 1053 1133 oris
1062 1088 1132 1133 con·

110 1146 339 1220 formationem,
356 1144 474 1226 gestum
496 1146 868 1227 babimmqueaccersiuit.
908 1150 1053 1231 Denique
1066 1172 1131 1235 gra·

110 1231 220 1291 nillima
248 1244 376 1291 naturae
393 1229 611 1311 impedimenta
632 1231 804 1293 incredibili
825 1231 1130 1317 meditationemque

110 1312 327 1374 exercitatione
349 1307 478 1387 sustulit,
502 1313 566 1375 stoe
586 1315 710 1395 linguae
737 1314 826 1389 vitio,
853 1312 956 1396 ireque
976 1318 1130 1396 expedite,

110 1416 207 1475 neque
221 1396 320 1475 plane
334 1394 459 1474 quidem
473 1397 665 1477 loqueremr,
680 1396 811 1477 perfecit
823 1397 981 1479 diligentia
993 1416 1025 1461 et
1042 1400 1131 1461 indo·

109 1478 187 1552 litia,
207 1496 243 1539 vt
259 1496 439 1539 nemoeoor
450 1498 515 1540 non
529 1474 625 1541 solum
643 1482 844 1542 contentione
859 1481 996 1557 dicendi,
1023 1502 1129 1545 verum

110 1581 206 1641 neque
219 1558 377 1623 maiestate
391 1562 486 1639 virm,
504 1578 682 1625 automata
704 1565 965 1643 pronunciationis
985 1584 1025 1627 ert
1044 1566 1131 1628 omni

109 1646 254 1706 memoria
273 1640 435 1723 superaret.
1099 1674 1105 1695 ι

165 1730 274 1808 Ecqua
285 1742 395 1788 autem·
406 1742 542 1805 unquam
558 1718 685 1789 sanfflor
703 1742 763 1792 aot,
778 1720 900 1789 sollicita
921 1730 1017 1811 magia
1038 1722 1131 1789 Disci·
1224 1732 1226 1739 '

110 1810 202 1891 plina,
221 1826 316 1889 qoam
330 1813 397 1871 Tua
413 1808 507 1873 suerit
524 1810 557 1870 in
579 1810 616 1871 iia
636 1807 775 1899 aediboa,
802 1830 881 1889 quae
903 1828 933 1873 et
952 1810 1131 1892 elegantilli-

110 1913 172 1955 mae
194 1896 336 1955 culturae
362 1891 452 1953 laude
474 1888 593 1971 semper
619 1890 804 1967 lloraerunt,
829 1894 923 1973 'atque
942 1897 1128 1973 optimorum
1197 1922 1200 1941 ι
1290 1878 1317 1906 “’

109 1978 322 2057 exemplorum
333 1976 507 2037 auiioritate
529 1974 740 2035 abundarunt?
751 1975 834 2036 Nibil
847 1976 893 2037 ibi
906 1975 1011 2051 deluit,
1025 1978 1075 2039 vel
1089 1976 1129 2039 ad

108 2057 298 2140 aagendam,
310 2060 359 2119 vel
373 2058 410 2119 ad
436 2055 653 2137 perficiendam
676 2077 744 2119 eam
764 2054 895 2139 speciem
911 2060 1130 2135 excellentiae,

109 2162 183 2222 qnae
195 2140 304 2203 fotura
317 2135 392 2203 esset
403 2142 537 2221 optima:
557 2162 621 2202 non
636 2140 730 2202 virtue
744 2142 879 2221 propria,
893 2160 984 2220 quam
1005 2159 1129 2205 exerce·

110 2245 170 2300 rer,
189 2245 260 2287 non
272 2226 412 2299 aliorum,
432 2243 523 2303 quam
551 2224 721 2285 imitareris.
760 2224 797 2284 Et
819 2240 887 2287 cum
908 2226 1038 2287 Naturae
1056 2246 1129 2289 con·

108 2309 206 2387 tigerit
217 2304 387 2383 beneficio,
406 2323 438 2367 rt
449 2304 722 2385 praeliantillimam
734 2306 861 2369 baberet
873 2307 966 2369 animi
984 2308 1128 2387 indolem,

109 2412 195 2469 qoam
217 2392 393 2463 excoleres,
411 2388 527 2453 acteffit
544 2390 636 2451 etiam
657 2387 735 2451 illud
760 2390 948 2469 Sapientiae,
969 2408 1001 2453 rt
1014 2390 1046 2452 id
1066 2394 1127 2453 rel·

108 2475 150 2536 les
164 2494 261 2554 qoam
274 2470 468 2547 seuerillime,
494 2475 560 2534 tbm
579 2471 737 2548 fortunae,
765 2488 797 2533 rt
816 2474 939 2551 optimis
960 2474 1128 2539 innutritur
1152 2492 1157 2499 ·

111 2556 281 2637 praeceptio
296 2557 328 2617 id
340 2558 432 2619 mmm
448 2553 545 2635 possea
560 2556 625 2637 pari
636 2576 706 2617 cum
723 2556 861 2618 utilitate.
903 2560 973 2618 Non
985 2559 1128 2637 Tibiqui·
1208 2572 1211 2579 ’

109 2639 176 2701 dem
196 2638 326 2715 eadem,
352 2658 431 2719 quae
443 2640 555 2699 oratori
568 2642 653 2714 Tuo,
681 2639 782 2699 oblata
800 2636 843 2699 est
856 2642 1053 2715 concertatio,
1074 2660 1127 2701 ne-

111 2742 168 2802 que
188 2718 314 2785 necesse
336 2722 409 2783 Tibi
430 2719 489 2801 fuit
505 2723 606 2783 loiiati
624 2716 694 2783 com
714 2722 883 2799 peruicacia
900 2715 1039 2783 nattirae:
1061 2738 1127 2785 erat
1185 2798 1190 2803 Ι
1239 2754 1242 2762 ·
1275 2770 1291 2817 2

113 2816 213 2866 tamen
233 2806 412 2880 contentio,
444 2805 561 2865 ratione
578 2802 705 2884 quidem
728 2804 914 2885 confligendi
935 2800 1127 2883 non'leoior,

111 2890 252 2950 riilotiae
269 2904 353 2965 certe
368 2885 456 2949 laude
474 2886 626 2949 illollrior.
668 2885 773 2948 Vicilli
792 2888 913 2968 generis
929 2889 1127 2965 nobilitatem,

112 2971 270 3045 industria,
292 2972 447 3032 lenocinia
468 2974 591 3046 aetatis,
622 2970 826 3042 continentia,
849 2970 973 3034 aedium
993 2972 1130 3051 denique

111 3054 230 3115 illarum
245 3055 469 3127 claritudinem,
497 3054 648 3135 exemplo.
690 3050 869 3127 Meministi,
898 3074 961 3115 non
976 3058 1072 3133 qualis
1087 3051 1130 3117 es·

112 3133 166 3211 ser,
192 3134 249 3199 sed
269 3138 365 3217 qualis
383 3156 449 3197 erar
461 3134 589 3199 staturus.
631 3135 767 3199 Cedebat
787 3138 931 3199 iuuentus
943 3137 1062 3199 utilitati
1076 3158 1134 3219 pu·
1253 3128 1260 3141 ⁹

113 3219 203 3282 blirae
216 3236 315 3299 atque
325 3214 537 3299 etrspeilationi
558 3221 728 3281 communi:
754 3218 880 3280 cedebat
902 3221 1053 3301 elegantia
1067 3240 1130 3283 nro·

115 3324 191 3377 rom,
215 3300 387 3364 studiorum
400 3299 566 3363 seueritati:
583 3306 727 3367 natalium
741 3298 896 3381 splendor,
923 3301 1133 3383 philosophiae
1257 3300 1261 3305 ’

115 3386 300 3465 praeceptis:
331 3384 461 3465 dignitas
476 3387 598 3447 attibua.
637 3378 873 3447 lamtunsenim
887 3382 1147 3463 praesentistieoe.
1182 3391 1184 3397 ’
1218 3414 1224 3433 2

114 3468 259 3542 bonorea,
282 3474 358 3548 qu'oa
373 3469 476 3529 ciuitas
493 3467 557 3530 er'at
570 3468 642 3531 Tibi
656 3469 810 3541 debitara,
830 3484 922 3545 atque
935 3471 977 3531 vti
988 3468 1129 3551 debet-et,
1226 3514 1230 3523 «

114 3550 277 3616 ebboralli.
317 3554 387 3611 Non
402 3552 485 3611 enim
501 3552 583 3632 prior
597 3552 735 3613 eminete
750 3548 887 3624 statuisti,
906 3570 997 3629 quam
1010 3552 1081 3613 Tibi
1096 3552 1131 3615 in

115 3635 212 3696 anImo
228 3628 418 3713 descripsisti,
442 3630 675 3713 qaanmm‘effet
688 3634 799 3696 laboris
812 3634 845 3693 in
859 3634 1034 3696 eminendo.
1066 3636 1132 3696 Ma·
1175 3704 1178 3710 ¹
1226 3681 1228 3695 .
1298 3662 1306 3669 ·

115 3732 178 3779 tore
191 3736 267 3797 ergo
280 3718 314 3777 in
327 3719 482 3778 literarum
497 3716 561 3777 lino
574 3716 760 3792 excellebat,
781 3716 853 3776 licet
866 3736 929 3777 non
943 3718 1000 3779 hoc
1013 3736 1133 3799 genere

115 3801 329 3875 excellentiae,
355 3820 417 3879 quo
441 3799 556 3861 deinde
576 3798 756 3874 inclaroisti,
781 3796 892 3859 eodem
914 3816 1014 3862 tamen
1029 3804 1131 3863 animo

116 3882 292 3943 excellendi.
332 3883 493 3948 Pulobrom
506 3883 581 3944 illud
594 3880 666 3945 sane
681 3902 712 3945 et
724 3880 898 3956 honestum,
920 3898 958 3959 vt,
976 3884 1135 3965 quiomni·
1265 3929 1269 3939 .

116 3980 205 4047 genas
217 3956 296 4027 artes
312 3962 531 4027 beneuolentia
551 3962 601 4030 sua
622 3968 697 4034 olim
713 3982 778 4029 etat
801 3966 1026 4046 complexuum,
1047 3968 1132 4049 prius

151 4045 580 4139 Affiomomvtru.
677 4119 679 4124 ,
762 4046 882 4129 om
1098 4048 1163 4151 ta¹
