2917 4742
265 358 429 529 xrua
485 380 850 503 ‘ratdaoraran
900 402 1106 477 wonrrt

201 632 205 639 ι
273 644 276 649 .
307 588 532 671 occupatiorem
547 584 607 651 elle
621 586 659 649 C.
670 586 749 648 lulio
758 581 898 661 Caesare,
920 586 972 666 qui
987 584 1097 648 eodem
1111 598 1251 667 tempore
1265 584 1330 649 bol·
1368 660 1369 665 η

291 664 374 736 ”lum
388 665 534 736 Gallicum
550 689 580 733 et
593 670 686 753 geffit,
706 688 738 732 et
753 665 909 749 descripsit.
944 668 1044 731 'Multi
1057 667 1329 751 dantut,'byberno

310 748 485 839 praesertim
506 768 660 834 tempore,
687 752 932 815 contrailioribus
949 750 1070 827 diebus,
1098 752 1135 813 a‘d
1148 750 1244 814 studia
1255 751 1333 813 'redi-

205 894 211 908 ‘
309 858 377 901 tus:
404 856 435 899 et
449 856 519 897 cum
533 838 635 898 omnia
649 856 712 896 non
726 834 818 901 modo
831 828 1124 915 philosoplrorumet
1137 834 1334 908 medicorum,

184 933 197 947 “
261 970 267 982 ,
309 918 364 985 led
378 936 530 982 oratorum
544 924 651 993 etiam,
670 918 752 994 iuter
767 938 842 999 quos
855 919 1074 999 praeripuiltui
1094 916 1182 980 luere
1195 916 1335 978 Camera-

253 1076 256 1081 ,
310 1005 376 1068 tius
390 1021 422 1064 et
434 1003 595 1077 sturmius,
616 1002 705 1077 dieta,
725 1002 881 1064 celeritate
896 1002 1001 1063 calami
1016 1018 1099 1083 petre
1111 1000 1284 1063 incredibili
1299 998 1336 1061 fis

313 1082 562 1161 affecutus,-lieri
581 1086 666 1147 nullo
691 1085 782 1169 modo
803 1081 917 1165 potest,
936 1084 1010 1165 quin
1032 1084 1142 1147 illatita
1157 1084 1217 1147 alte
1232 1084 1335 1145 animo
1356 1088 1369 1143 ’,

312 1186 368 1233 tuo
384 1166 440 1229 lint
454 1162 562 1245 infixa,
583 1186 615 1228 vt
630 1168 714 1231 nulla
728 1165 838 1249 polfint
852 1166 1008 1229 obliuione
1023 1166 1136 1242 deleri,
1157 1184 1270 1247 easque
1293 1188 1338 1229 ra·

312 1253 395 1314 dices
408 1253 541 1333 egerint,
561 1268 593 1313 vt
603 1247 696 1312 solida
708 1248 855 1324 eruditio,
874 1267 905 1311 et
917 1247 1028 1312 fruens
1049 1249 1241 1325 eruditionis,
1262 1249 1339 1311 iudi·

259 1371 261 1374 ·
311 1338 409 1408 rium,
428 1335 503 1395 inde
518 1334 673 1415 pullularit
689 1351 720 1395 et
733 1332 908 1395 effloruerit.
948 1332 1007 1395 Etfi
1029 1334 1127 1408 enim,
1148 1353 1198 1394 me
1214 1346 1338 1401 autore,
1368 1396 1369 1405 ,

310 1420 403 1501 paulo
420 1414 512 1478 lerius
527 1417 563 1477 ad
577 1434 735 1494 vtramque
750 1416 885 1497 linguam
902 1430 933 1477 et
954 1417 1102 1499 ingenuas
1123 1434 1202 1478 artes
1223 1412 1340 1477 discen·

307 1501 364 1563 das'
387 1498 537 1575 acceffisti,
561 1517 664 1561 tamen
683 1500 768 1561 Deus
789 1512 913 1561 conatus
937 1515 1020 1573 tuos,
1041 1516 1073 1561 et
1086 1492 1262 1581 diligentiae
1278 1499 1341 1559 allt-

310 1582 459 1645 duitatem
472 1584 514 1644 ita
525 1578 700 1657 fortunauit,
721 1600 753 1643 vt
767 1581 859 1667 longe
874 1594 905 1643 et
918 1580 1029 1660 diutius
1044 1598 1074 1643 et
1087 1580 1207 1645 felicius
1221 1600 1251 1644 et
1265 1601 1341 1643 con·

213 1674 218 1685 '
311 1665 438 1730 stantius
459 1660 513 1725 l'ub
536 1664 786 1746 praestantissimis
812 1662 1002 1745 agonothetis
1027 1666 1058 1726 in
1078 1664 1133 1727 isto
1151 1666 1269 1727 literato
1287 1662 1341 1727 lla-

313 1746 382 1823 dio,
402 1748 435 1809 in
450 1746 670 1823 celeberrimis,
692 1749 834 1827 inquam,
855 1748 1034 1809 Germaniae
1049 1764 1081 1810 et
1096 1746 1212 1810 Galliae
1224 1748 1343 1811 Arade-
1368 1774 1369 1779 ¹

295 1829 391 1912 sniis,
411 1830 454 1895 ita
467 1829 651 1911 decurreres,
671 1848 703 1891 vt
716 1830 878 1893 ordinatim
889 1829 1023 1893 honores
1038 1848 1167 1911 peteres,
1183 1850 1215 1893 et
1227 1851 1340 1914 magna
1368 1860 1369 1863 ¹

311 1931 383 1976 enm
395 1912 486 1975 laude
499 1914 664 1975 laureolam
678 1909 913 1992 conlequereris.
933 1943 940 1957 =
964 1910 1067 1986 Quare
1079 1913 1346 1987 nibiltibi‘iullae
1368 1938 1369 1951 ¹

194 2048 201 2062 ,
289 1992 512 2062 aemulationis
528 1993 736 2071 relitium'est,
746 2010 828 2073 tum,
851 1998 933 2080 quod
949 2016 1007 2077 ego
1021 1996 1147 2077 postulo,
1164 1998 1195 2058 id
1208 2016 1241 2059 tu
1255 2018 1344 2079 prae·

312 2079 392 2143 stare
405 2096 436 2141 et
451 2078 570 2153 debea‘s,
591 2097 623 2141 et
635 2077 724 2141 facile
738 2079 834 2159 pollis.
875 2080 906 2141 Si
921 2100 992 2141 aero
1005 2080 1127 2161 grauior
1140 2082 1240 2159 aliqua
1254 2080 1342 2150 caula
1368 2150 1369 2155 η

229 2223 232 2230 .
312 2182 347 2227 te
367 2161 558 2241 impedierit,
592 2162 668 2225 illud
694 2179 780 2224 certe
803 2164 909 2247 negari
929 2164 981 2225 abs
1002 2180 1034 2224 re
1063 2162 1139 2225 milti
1166 2166 1277 2242 nolim,
1312 2184 1346 2228 rt

313 2246 486 2321 duiletum,
506 2265 581 2325 quos
601 2246 690 2309 variis
712 2247 745 2307 in
769 2246 843 2309 locis
864 2244 956 2309 haber
984 2246 1110 2321 amicos,
1131 2264 1162 2308 et
1175 2242 1263 2328 saepe
1279 2245 1347 2329 ipse

313 2329 496 2403 conuenire,
516 2345 548 2390 et
570 2328 608 2390 ab
633 2325 742 2391 iisdem
763 2330 922 2390 conueniri
942 2325 1017 2389 soles
1024 2376 1032 2406 ,
1058 2328 1168 2391 iuditia
1192 2332 1344 2413 exquiras,
1368 2370 1369 2373 =

115 2450 118 2457 ·
195 2458 232 2474 ..
315 2431 415 2492 eaque
429 2410 528 2473 libere
543 2411 712 2493 aperteque
724 2408 762 2472 ad
777 2432 827 2472 me
841 2408 1012 2492 perscribas.
1043 2412 1243 2474 Minusenim
1259 2416 1369 2495 apud¹

314 2512 363 2568 te,
384 2493 460 2573 quid
472 2490 610 2570 lentiam,
630 2492 859 2568 diffimulabunt,
880 2496 933 2573 qui
948 2490 1092 2556 olleulam
1109 2496 1201 2557 animi
1215 2500 1278 2559 mei
1293 2500 1349 2559 ali-

310 2571 409 2658 }quam
431 2573 551 2640 fortaffe
573 2596 768 2651 veterentur,
794 2576 816 2639 sr
837 2576 943 2639 eadem
957 2574 1045 2658 lapud
1069 2597 1120 2638 me
1134 2582 1345 2659 expromenda
1368 2634 1369 2643 ,

317 2656 430 2723 client:
451 2658 514 2721 fine
527 2656 612 2722 caula
623 2662 670 2724 illi
683 2659 815 2739 quidem.
856 2662 886 2722 Is
911 2660 993 2721 enim
1014 2678 1072 2743 ego
1095 2656 1173 2737 lum,
1194 2664 1246 2744 qui
1263 2666 1369 2727 inter,

305 2743 567 2805 .calumniatorem
589 2759 620 2805 et
641 2744 824 2805 monitorem
843 2744 1006 2823 plurimum
1031 2740 1172 2807 irrrereffe
1197 2743 1349 2811 censeam.
1368 2764 1369 2811 l

317 2829 398 2888 Nam
420 2825 469 2887 bic
491 2826 616 2905 quidem
635 2846 672 2887 ex
695 2826 916 2888 beneuolentia
936 2842 968 2889 et
987 2826 1172 2906 reipublicae
1194 2828 1369 2894 librariae

317 2906 538 2978 studiojerrata
558 2908 623 2969 fine
646 2909 808 2971 acerbitate
824 2910 915 2971 animi
932 2926 962 2970 er
978 2910 1162 2971 contumelia
1182 2912 1369 2976 verborum*

321 2990 521 3071 reprehendit
535 2986 604 3071 μετ’
617 2989 690 3077 ἐλέγ
721 3016 757 3057 ur
773 2992 825 3075 ῃ)
839 2984 1028 3067 inteditur:
1047 2992 1112 3053 ¹ille
1125 3012 1164 3055 ex
1176 2994 1295 3057 ‘inuidia
1318 3018 1352 3061 et
1368 3026 1369 3035 ¹

321 3074 395 3136 odio
410 3092 445 3135 ea
459 3076 619 3155 vituperat,
639 3016 747 3155 quillus
761 3096 825 3137 non
840 3074 904 3137 edit
916 3076 1059 3137 meliora:
1080 3071 1129 3138 led
1147 3096 1184 3137 eo
1201 3096 1351 3175 magnum
1368 3092 1369 3095 ’

213 3188 216 3195 ·
274 3221 278 3233 ,
294 3154 301 3163 “
320 3159 421 3217 virum
435 3150 465 3219 le
481 3154 575 3219 vilum
588 3159 626 3219 iri
640 3174 741 3239 putat,
761 3158 850 3221 sreos
864 3155 999 3231 incellar,
1021 3158 1129 3237 quibus
1144 3160 1265 3241 ingenit
1286 3184 1369 3235 mo„¹

322 3238 460 3307 nimenta
481 3243 612 3301 nominis
634 3240 748 3321 aliquid
770 3258 800 3305 et
824 3243 936 3323 gratiae
959 3258 990 3302 et
1007 3242 1172 3303 autoritatis
1190 3246 1281 3305 etiam
1296 3234 1369 3330 pes

322 3338 482 3407 pererunt.
504 3388 507 3393 ,
522 3325 608 3385 Vale.
646 3324 798 3406 Augustae
805 3324 1045 3386 Vindelicorum.
1086 3342 1178 3387 v111.
1193 3324 1256 3389 Cal.
1267 3332 1369 3407 blaiis

323 3409 417 3469 Anno
433 3428 451 3469 a
468 3401 602 3470 restituta
615 3406 747 3471 humano
764 3408 871 3491 generi
885 3404 986 3483 salute,
1007 3425 1048 3469 ur.
1060 3426 1251 3475 nuxvrtt.

483 3632 861 3710 avoovruvs
912 3568 1189 3707 carruvs

445 3808 453 3834 ,
579 3754 796 3848 Hieronymo
820 3746 956 3825 Wolfio.
1016 3780 1042 3825 s.
1064 3782 1097 3827 o.

415 3905 558 3969 brabamo
579 3908 827 3987 Hoeclrstettero,
865 3912 918 3992 qui
939 3904 1015 3975 mibi
1037 3930 1101 3977 tuas
1120 3914 1222 3978 literas
1245 3916 1361 3995 attulit,

269 4038 281 4052 ,
304 3998 310 4013 ·
443 4010 511 4049 cunr
525 3991 564 4050 ob
579 4009 629 4051 eas
644 3986 750 4071 caulas,
766 4010 886 4075 quartu
902 4014 1128 4073 commemoras,
1143 4018 1207 4061 tum
1222 3998 1369 4061 obruam

328 4072 641 4150 commendationem,
664 4096 743 4155 quae
759 4078 928 4157 plurimum,
936 4083 1086 4144 momenti
1100 4082 1181 4163 apud
1194 4083 1366 4178 meJraber,

1255 4167 1369 4241 {vrbo-2
