2917 4742
318 402 418 487 1174
532 334 868 463 nrrroninr
898 370 1109 462 worrrr

318 568 411 634 aufim
424 563 559 645 sumere,
578 582 612 631 rt
626 552 715 631 ea⁰de
728 586 761 633 re
774 570 919 634 iodicium
933 568 1048 635 nciam.
1089 551 1254 631 Neminem
1264 570 1339 627 verb
1368 640 1370 647 γ

317 654 369 715 hic
382 672 466 712 meus
481 653 565 713 labor
578 653 728 732 proderit,
750 654 803 715 nili
825 656 873 716 cui
893 654 1114 716 Demosthenes
1136 651 1219 712 dorni
1238 646 1339 711 fuerit.

319 738 358 798 Iu
373 736 460 796 tenui
476 736 558 796 labor
573 734 631 809 est,
647 734 763 797 fateor:
784 732 835 798 sed
848 738 948 799 tenuis
970 738 1033 799 no'n
1057 738 1166 817 gloria,
1185 733 1205 794 sr
1250 733 1343 801 uibus

318 819 355 884 in
370 818 442 879 locis
457 816 694 879 Demosthenem
715 836 766 880 aur
786 822 1018 895 correxerimus,
1044 837 1095 881 aut
1116 816 1168 879 illi'
1181 816 1228 897 pri
1255 817 1341 874 'num

320 903 454 964 nitorem
485 900 573 961 huius
612 899 721 961 vetusti
755 904 934 982 exemplaris
962 898 1087 965 subfidio
1104 898 1342 977 restituerimus.

322 986 397 1045 Non
410 983 543 1045 attollam
556 982 604 1043 bic
618 984 717 1057 verbis
732 986 908 1065 quicquam,
927 1006 989 1047 non
1004 980 1070 1047 sunt
1084 982 1137 1045 ista
1150 984 1237 1043 meae
1256 978 1343 1041 indu·

322 1064 426 1139 siriae,
445 1061 496 1125 sed
508 1065 699 1146 diligentiae,
719 1084 809 1145 quam
831 1068 1023 1131 conserendis
1045 1064 1267 1145 exemplaribus
1291 1063 1344 1121 inr-

269 1216 273 1224 ,
321 1144 427 1229 pendi.
467 1146 543 1209 Sunt
557 1147 649 1217 hodie
670 1168 733 1211 non
756 1171 862 1229 parurn
883 1152 987 1227 multi,
1007 1152 1073 1230 qui,
1095 1168 1163 1211 cum
1184 1150 1216 1209 in
1237 1162 1343 1209 autore

321 1231 363 1293 ali
385 1250 424 1291 uo
438 1230 488 1293 vel
500 1230 846 1307 unicumaduerbiolum
855 1279 863 1311 ‚
885 1252 935 1296 aur
949 1232 1242 1296 conioniliunculam
1262 1224 1347 1291 secur

323 1251 464 1395 postam,
482 1329 533 1374 aut
546 1308 757 1394 superuacuam
772 1318 963 1392 inuenerint,
990 1318 1043 1377 Dii
1064 1316 1154 1389 boni,
1182 1330 1257 1393 quos
1280 1330 1347 1390 pro-

248 1402 254 1415 *
281 1450 285 1463 ,
321 1396 407 1482 tinus
423 1393 599 1475 triumphos,
613 1416 686 1474 quas
699 1398 895 1479 gloriationes
909 1396 1090 1479 proferunt?
1108 1417 1197 1478 quam
1217 1390 1348 1455 insolen-

322 1490 374 1543 tet
386 1476 441 1539 srbi
454 1480 583 1559 placent,
592 1480 739 1553 ,nimirum
755 1478 785 1543 se
798 1478 874 1545 solos
889 1481 1049 1543 acutiffime
1063 1474 1252 1561 perspexisse,
1263 1473 1346 1556 quod

323 1559 467 1637 nominer
498 1561 612 1641 alioqui
640 1562 848 1625 oculatiffrmos
874 1562 997 1645 sugerit.
1052 1562 1164 1641 Estque
1189 1560 1228 1623 ob
1254 1578 1346 1619 uuam

296 1672 306 1694 ι
324 1658 418 1721 atque
432 1644 556 1704 alteram
571 1644 780 1707 dirtiunculam
797 1648 934 1729 protinus
947 1664 1028 1735 (orus
1048 1664 1134 1709 autor
1157 1642 1348 1708 emendatior

266 1762 270 1784 t
324 1724 539 1800 habendur‚'et
552 1725 588 1787 ad
603 1725 792 1790 vetustilsrma
806 1732 990 1810 exemplaria
1003 1728 1153 1791 restitutus
1167 1726 1350 1787 credendus.

265 1877 269 1883 ¹
323 1804 412 1883 Quid
430 1823 532 1870 autem
553 1809 734 1873 tuendarum
755 1830 787 1875 et
809 1830 977 1876 erratorum
994 1810 1086 1873 hodie
1106 1811 1165 1872 boc
1186 1808 1350 1870 mendacio

320 1890 360 1955 sn
380 1886 573 1968 scriptoribus
594 1888 784 1971 quotidie'in
807 1898 906 1979 luceru
927 1894 1145 1976 prodeuntibus
1167 1892 1256 1954 nobis
1281 1910 1348 1953 uon

245 1978 249 1987 '
324 1971 494 2035 obtmduut
514 1974 717 2055 typographi?
745 1972 832 2040 Adeo
855 1974 980 2040 solenne
1001 1974 1104 2040 et‘rsu
1125 1970 1283 2055 receptum
1298 1970 1349 2045 esl,

325 2054 464 2139 purnium
477 2054 624 2117 librorum
640 2060 735 2121 rimlis
750 2060 877 2123 rddere:
898 2060 946 2122 Ad
962 2058 1151 2123 vetustillrma
1163 2058 1350 2137 exemplaria

325 2134 495 2214 testitums,
517 2156 548 2199 et
563 2140 600 2201 ab
613 2139 741 2203 infinitis
758 2142 876 2205 mendis
891 2139 1078 2231 repurgrrpa.
1119 2142 1150 2203 Si
1165 2158 1267 2203 tamen
1291 2140 1348 2201 hoc

323 2220 399 2283 licet
417 2221 503 2281 alteri
523 2222 557 2283 in
576 2223 671 2285 larino
692 2227 852 2305 quopiam,
879 2247 981 2307 neque
1003 2242 1103 2288 tautae
1124 2223 1216 2288 clallis
1231 2240 1347 2295 autore,

322 2302 454 2385 inuento
469 2322 529 2365 ruo
543 2321 634 2383 atque
658 2306 755 2368 altero
776 2309 905 2371 verbulo
929 2310 1054 2373 reiliore
1075 2326 1106 2371 er
1130 2304 1349 2378 emendatiore,

311 2386 514 2470 ¹exclamare:
547 2388 676 2467 Repeti,
702 2410 767 2451 non
792 2390 873 2470 quod
893 2394 980 2471 pueri
996 2393 1153 2454 clamitant
1173 2392 1205 2451 in
1228 2386 1301 2451 saba
1319 2384 1348 2447 se
1371 2440 1372 2469 3

324 2465 485 2549 reperisse:
507 2488 560 2529 cur
577 2470 652 2532 mibi
672 2493 737 2533 non
750 2474 833 2535 idem
846 2474 935 2535 licent
948 2472 1217 2546 itr'Demosthene,
1238 2488 1346 2533 autore
1371 2470 1372 2473 ’

265 2622 270 2628 ,
324 2566 437 2627 tanto,
455 2568 578 2633 tamque
598 2556 731 2616 eximio?
764 2557 948 2637 Quanquam
967 2558 1039 2638 quid
1059 2577 1115 2619 nos
1137 2556 1349 2636 repererimus,

327 2633 431 2695 verbis
446 2634 668 2715 instantioribus
682 2658 758 2717 opus
772 2660 835 2700 non
851 2639 909 2701 est:
929 2660 976 2703 res
992 2636 1052 2721 ipsa
1066 2638 1217 2701 indicabit.
1243 2634 1348 2716 Atque

328 2718 446 2777 vtinam
461 2720 615 2798 integrum
629 2722 784 2801 exemplar
797 2722 884 2785 nolis
898 2724 1032 2785 oblatum
1047 2718 1154 2797 suillet,
1174 2734 1207 2783 vt
1222 2720 1260 2781 ad
1278 2739 1350 2781 eum

237 2834 241 2841 ·
326 2798 454 2861 mudum
468 2818 574 2863 omnes
589 2806 742 2865 orationes
756 2806 837 2866 inter
854 2803 884 2867 se
898 2809 1019 2869 collatas
1033 2804 1197 2868 emendare
1209 2800 1349 2883 potuiss'e·

327 2898 396 2942 mur
409 2927 417 2957 ,
431 2902 495 2943 non
510 2882 722 2960 permutaffem
737 2890 810 2969 opes
823 2906 905 2951 meas
919 2906 987 2951 cum
1004 2886 1106 2952 Croesi
1119 2904 1181 2962 ,aur
1195 2884 1287 2947 Craris
1309 2886 1351 2945 di-

310 2964 420 3026 ·viriir.
455 2963 519 3028 sed
535 2967 632 3040 enim,
654 2988 731 3047 quae
746 2971 834 3031 nobis
849 2989 970 3051 reperta
990 2969 1071 3046 sunt,
1092 2990 1131 3052 eo
1142 2970 1206 3032 aliis
1222 2968 1350 3031 candide

325 3042 556 3125 impertiemurr
575 3053 708 3129 rogaturi
721 3054 862 3128 leilores,
884 3070 915 3115 rr
934 3055 1025 3127 baec,
1043 3055 1264 3133 qualiacunque
1284 3051 1350 3125 fini,

329 3124 408 3188 boui
425 3126 595 3204 cousulant,
618 3149 649 3193 er
661 3132 708 3194 his
721 3136 879 3197 nobiscum
892 3152 1033 3211 utamur,
1054 3156 1085 3199 et
1105 3134 1126 3197 fi
1148 3134 1220 3217 quid
1241 3136 1349 3197 reilius

325 3207 458 3303 istiqipfi
473 3210 635 3291 aliquando
649 3215 842 3291 inuenerint,
863 3219 950 3281 nobis
971 3218 1092 3280 vicillim
1112 3220 1248 3299 benigue
1270 3238 1350 3278 com·

327 3310 496 3356 municent.
536 3296 608 3357 Tibi
622 3300 911 3381 rero,·llieronyme
925 3303 1112 3377 ornatissime,
1133 3302 1191 3365 hoc
1204 3298 1350 3382 quicquid

330 3372 375 3437 est
391 3372 539 3453 opusculi,
561 3380 739 3442 nominatim
754 3382 877 3460 dedico,
897 3404 965 3447 curn
986 3384 1201 3448 Demosthenis
1223 3384 1350 3445 amatori

281 3459 285 3469 '
328 3452 461 3535 summo,
483 3462 662 3524 tumledlori
678 3464 916 3545 diligentisfimo,
950 3482 981 3530 et
997 3469 1145 3531 imitatori
1172 3464 1348 3529 seliciffium,

332 3540 445 3619 Neque
471 3548 555 3605 enirn
573 3546 752 3624 antiquitate
780 3552 900 3629 generis
924 3546 1032 3634 solqm,
1066 3548 1117 3611 led
1140 3550 1349 3633 pulcherrimis

334 3639 458 3703 quoque
477 3627 622 3689 uirtutum
638 3633 822 3693 ornamentis
837 3631 993 3695 decoratus
1008 3638 1057 3707 es,
1075 3650 1105 3696 et
1113 3634 1271 3711 utriusque
1285 3634 1351 3693 lite-

330 3720 452 3801 raturae
466 3708 665 3793 peritissimus.
705 3714 819 3793 Accipe
833 3715 933 3797 itaque
948 3717 1087 3778 libellum
1106 3715 1188 3780 hunc
1206 3714 1296 3779 studii
1310 3714 1348 3781 fin

328 3799 366 3849 te
377 3804 439 3847 mer
452 3808 685 3854 mouumentum
700 3812 731 3857 et
744 3798 868 3877 pignus,
889 3798 971 3879 quod
985 3800 1041 3861 tibi
1062 3798 1349 3873 amicitiae-nostrae

330 3870 485 3965 quondam
500 3874 603 3945 initae,
617 3892 648 3935 er
660 3874 916 3959 condiscipulatus·
926 3881 1017 3945 nostri
1030 3883 1206 3945 memoriam
1219 3880 1350 3957 refricet

238 4032 241 4046 Ι
332 3952 538 4051 Ornapilrmos
554 3973 645 4034 atque
659 3958 867 4029 eruditissimos
883 3966 972 4042 viros,
993 3966 1146 4034 Andream
1161 3964 1348 4037 Ofiandrum,

329 4032 529 4101 Domuucuru
547 4036 766 4124 sreupuerum,
785 4049 995 4122 wenceslaum
1014 4053 1166 4131 Lyncum,
1196 4048 1348 4195 Tpomam

536 4154 544 4163 ‘
693 4173 696 4181 ·
1246 4147 1349 4195 enato-

1122 4256 1135 4307 ‘r
