2917 4742
280 364 355 435 an
379 286 834 437 cirrosi-nonni
856 362 1014 439 svvtt
1069 384 1185 465 1107„

138 537 181 612 ior
199 544 369 609 Alexandro
391 560 480 629 rege,
519 544 652 611 secundo
673 566 776 611 aetem
797 548 960 627 Antipatro
984 548 1156 628 impet-mre

136 634 232 711 capitae
244 654 261 691 a
275 632 389 711 populo
403 630 570 707 damnatur,
590 650 696 693 autore
707 632 856 705 Demade,
876 632 908 691 in
926 632 1063 709 Neptuni
1078 650 1153 694 tem·
1233 688 1235 699 .

136 718 225 797 plum,
246 712 327 794 quod
341 716 451 774 eratin
466 714 614 776 Calaurea
627 712 736 791 insola,
757 736 820 781 non
843 730 902 777 torn
922 708 1023 800 salutis
1048 718 1152 795 gracia,

137 818 217 876 quam
229 814 262 859 vt
275 798 348 857 inde
363 798 500 875 qnotidie
516 800 643 877 patriam
658 794 851 876 prospiceret,
871 798 1149 859 eTroezeniorom

135 882 201 941 n'oe
216 879 369 960 confugit,
387 879 529 958 inibique
550 878 654 943 hausto
676 900 813 955 veneno,
842 896 911 940 cum
931 900 949 941 a
971 876 1150 945 satellitium
1218 917 1221 925 =

137 963 302 1037 traheretur,
323 962 442 1023 excellit
457 982 476 1022 e
490 965 560 1025 vita.
599 960 863 1035 Quemadmodum
877 962 910 1022 in
924 962 990 1038 ejus
1006 964 1065 1023 vita
1079 964 1149 1023 Plu·

138 1046 245 1107 carthus
261 1045 417 1106 meminit·
452 1048 574 1125 Operae
588 1047 726 1126 precium
739 1040 954 1107 autem‘visum
976 1042 1037 1119 est,
1059 1062 1151 1123 quee-

135 1128 196 1189 dtm
215 1148 254 1187 ex
275 1128 341 1189 eius
363 1126 486 1207 epistola
506 1128 543 1189 ad
559 1128 744 1209 magistratus
758 1128 967 1209 populumque
981 1126 1152 1189 Athenien-

135 1210 200 1271 lium
212 1210 261 1271 hic
273 1206 423 1284 inserere,
442 1206 508 1271 lunt
522 1214 606 1273 enim
621 1212 801 1273 huiusmodi.
822 1210 900 1287 (hoc
919 1206 983 1284 ell)
1024 1209 1083 1271 Sed
1103 1208 1148 1271 de
1253 1200 1257 1219 ’

135 1293 174 1357 lis
195 1313 262 1354 cum
286 1295 383 1355 multa
402 1294 506 1371 polion
520 1291 649 1357 scrihere
661 1296 879 1374 praetermitto.
921 1293 1041 1353 Nullius
1061 1293 1149 1353 eninr
1196 1330 1198 1337 ι

135 1373 524 1457 netonlciumellecolpae,
539 1377 574 1439 ad
585 1378 743 1441 utilitatem
752 1378 877 1459 quidem
892 1376 1076 1436 imbecillum
1086 1371 1149 1437 ell'e

136 1460 317 1538 experientia
330 1459 429 1532 didici,
449 1460 485 1521 ad
503 1462 648 1523 maiorem
660 1466 736 1521 'vero
753 1460 931 1521 moellitiam
946 1457 1147 1533 inlerondam,

136 1543 418 1604 vehementiffimum
432 1544 578 1605 omnium.
618 1540 772 1615 Quoniam
789 1560 889 1605 autem
903 1542 1044 1603 omnibus
1065 1558 1153 1601 accu-

135 1620 191 1685 lnis
204 1626 390 1687 reconciliati
406 1624 489 1701 estis,
509 1627 541 1689 id
554 1626 635 1707 quod
648 1627 730 1715 bene
744 1623 1003 1699 facium'dixerim
1026 1622 1149 1685 etmihi
1211 1622 1213 1637 '

136 1710 214 1768 celim
228 1709 453 1783 reconciliemi,
481 1712 538 1771 viri
551 1706 771 1777 Athenienses:
811 1728 881 1769 nam
898 1726 951 1769 vos
965 1724 1068 1782 neque
1086 1706 1149 1767 vlle
1167 1706 1186 1730 '¹

135 1794 219 1852 adieci
240 1792 369 1865 iniuria,
411 1790 496 1853 Deos
517 1790 608 1854 testor
631 1808 664 1853 et
688 1792 812 1867 heroas,
845 1790 919 1851 milti
942 1808 1042 1851 autem
1064 1788 1148 1849 testie
1190 1840 1194 1857 ,
1295 1810 1298 1819 ⁴

137 1874 171 1933 est
183 1875 281 1935 omnis
298 1858 514 1949 anteaiiaulta,
534 1878 583 1937 cui
599 1864 691 1957 magis
705 1875 814 1935 tullum
830 1872 872 1935 est
886 1892 916 1933 vt
933 1871 1025 1945 fidem
1040 1870 1151 1933 lrabea-

136 1958 180 2029 tis,
200 1978 292 2037 quam
307 1960 415 2035 culpae
429 1958 503 2019 mihi
519 1977 600 2019 nnnc
616 1959 727 2021 iniuria
740 1959 850 2029 illatae,
872 1976 975 2035 neque
989 1974 1047 2037 ego
1064 1953 1152 2033 pelit-

137 2058 206 2115 mus,
228 2040 398 2101 minimeue
417 2059 524 2101 eorum
544 2041 604 2103 lide
627 2042 737 2118 dignor
761 2040 901 2123 videbor,
924 2040 976 2115 qui
1000 2037 1152 2098 calumnia

139 2119 197 2183 lont
211 2123 422 2184 circumuenti.
463 2129 559 2202 Atqui
571 2120 706 2185 dilcess'us
719 2140 805 2183 meur
825 2124 976 2183 immerito
999 2141 1050 2181 vos
1073 2119 1153 2180 mihi

138 2206 227 2266 reddit
258 2208 368 2277 iratos3
403 2226 507 2285 neque
538 2209 621 2268 enim
645 2202 697 2287 lpe
725 2206 814 2265 vestri
838 2204 995 2265 destitutus
1022 2196 1151 2273 dilcelli;

138 2307 228 2367 neque
254 2291 315 2349 alto
338 2288 472 2349 inimum
493 2292 691 2369 applicuerim
712 2308 829 2361 meum,
859 2282 909 2347 led
929 2288 1059 2365 primum
1081 2285 1154 2363 quie

137 2372 327 2447 ignominiam
349 2374 476 2433 carceris
496 2374 622 2435 moleste
643 2374 744 2433 animo
763 2368 913 2431 letebam:
945 2368 1058 2429 deinde
1080 2386 1155 2447 quo-

137 2455 208 2513 niam
229 2474 356 2533 propter
375 2473 505 2517 aetatem
525 2458 679 2519 imbecillo
702 2473 829 2531 corpore
853 2449 1000 2513 miletium
1015 2449 1168 2547 perferre¹

137 2556 191 2596 non
205 2557 352 2617 poteram.
392 2538 470 2601 Item
487 2560 551 2601 non
564 2536 775 2610 existimabam,
798 2537 883 2597 nolle
904 2555 955 2595 vos
978 2554 1082 2595 vacare
1100 2550 1155 2593 me

137 2620 296 2699 vituperio,
328 2619 410 2697 quod
433 2624 520 2683 nullo
543 2623 629 2683 vobit
649 2622 858 2681 emolumento
883 2618 954 2693 luit,
982 2618 1043 2687 ltne
1078 2635 1155 2676 veto

139 2702 271 2779 perdidit.
292 2702 344 2761 Ad
360 2704 433 2763 haec
446 2706 477 2763 in
497 2706 590 2779 vobio,
606 2706 698 2765 nullis
718 2703 783 2763 aliis
798 2720 931 2763 rinmunt
945 2697 1031 2760 suille
1040 2716 1154 2773 meum,

137 2786 230 2845 multis
245 2786 338 2865 signis
353 2788 490 2862 poteritis
506 2784 684 2868 perspicere.
726 2788 802 2845 Nam
821 2802 851 2845 et
867 2784 972 2843 vrbem
987 2782 1073 2861 petii,
1087 2800 1175 2845 non,
1228 2826 1232 2831 -

138 2866 164 2925 in
179 2888 235 2946 qua
250 2888 301 2929 res
316 2870 459 2930 maximis
474 2868 566 2931 ell'em
581 2864 642 2951 ipse
655 2872 781 2941 taurus,
800 2862 895 2929 sedin
912 2886 1001 2947 quam
1019 2882 1050 2926 et
1065 2864 1159 2924 maio·

140 2968 179 3008 res
195 2951 311 3011 notiros
325 2951 473 3031 proleiios
490 2950 551 3015 ess’e
566 2970 784 3035 cognouetam,
810 2970 870 3030 quo
884 2949 1097 3030 tempore-illis
1114 2945 1157 3009 de

139 3029 284 3095 Persarum
305 3052 378 3113 rege
398 3038 565 3115 periculum
591 3036 786 3097 imminebat:
823 3051 854 3095 et
882 3034 965 3093 cuius
993 3032 1156 3111 plurimam

140 3132 201 3194 erga
222 3135 278 3177 uos
297 3116 538 3180 beniuolentiam
559 3116 619 3183 elle
639 3115 863 3199 perspexeram,
890 3117 965 3176 haec
985 3132 1086 3175 cutem
1111 3110 1157 3175 est

140 3198 375 3260 Troezeniorum
390 3202 502 3277 ciuitas,
522 3205 572 3263 cui
586 3218 670 3283 opto,
688 3217 720 3261 vt
734 3200 793 3261 Dei
810 3200 998 3279 potissimum,
1012 3200 1050 3257 ob
1065 3195 1157 3276 ipsius

142 3300 203 3359 erga
217 3302 271 3344 too
285 3283 541 3359 beniuolentiam,
563 3304 594 3347 et
609 3286 752 3345 collatum
768 3284 799 3342 in
816 3302 865 3343 me
889 3279 1078 3355 benificium,
1099 3277 1159 3339 srnt

143 3382 238 3427 omnes
258 3366 413 3441 beniuoli,
433 3364 591 3447 cumipse,
612 3365 743 3429 seruatus
760 3386 777 3425 a
792 3366 893 3438 vobis,
915 3384 1025 3443 queam
1041 3361 1160 3423 rel'erre
1240 3437 1243 3447 .

142 3452 265 3525 gratiam.
307 3448 472 3511 Caeterum
490 3472 558 3512 cum
574 3453 606 3513 in
621 3451 677 3511 hac
691 3450 849 3521 nonnulli,
872 3463 903 3508 vt
918 3446 993 3507 milri
1015 3442 1161 3528 gratifica·

144 3548 253 3605 rentur,
274 3532 435 3611 increpare
450 3556 505 3595 nor
520 3552 717 3607 conarentur,
741 3530 834 3609 idque
853 3530 914 3591 mei
927 3530 1020 3589 animi
1040 3528 1161 3609 ignora·

144 3611 220 3675 tione
234 3634 292 3693 ego
308 3634 362 3675 eos
377 3637 434 3694 pro
449 3617 578 3693 viribus,
600 3634 632 3677 ut
645 3616 726 3677 bene
741 3614 893 3687 dicerent,
913 3630 943 3673 vt
959 3630 1061 3671 meum
1085 3626 1159 3687 erat,

145 3694 291 3769 admonui,
303 3714 363 3775 qua
375 3700 555 3778 potillimum
571 3695 654 3761 caula
670 3716 744 3779 puto
761 3716 927 3756 eosomner
938 3695 1097 3757 admiratos
1107 3715 1163 3775 pu-

143 3774 215 3839 blice
237 3800 286 3841 me
301 3780 467 3843 honorasse.
506 3784 565 3852 Sed
581 3802 648 3844 cum
665 3782 817 3855 viderem,
842 3778 1083 3839 beniuolentiam
1100 3778 1165 3856 qui·

147 3858 379 3929 demhomindm
395 3885 550 3945 magnam,
573 3863 623 3928 led
645 3866 722 3926 vires
744 3863 776 3923 in
798 3856 965 3943 praesentio
989 3863 1168 3934 imbecillae,

145 3942 174 4001 in
191 3946 323 4025 Neptuni
340 3952 488 4028 templum
504 3949 669 4031 profectus,
689 3950 721 4007 in
738 3942 884 4007 Calaurea
898 3938 992 4005 insula
1007 3964 1058 4005 me
1073 3942 1169 4003 conti·

148 4044 216 4105 neo,
232 4034 313 4112 'non
332 4025 431 4097 solum
452 4036 567 4100 tutelae
589 4033 711 4177 gratia,b
729 4048 819 4110 quam
841 4022 997 4107 mihielle
1022 4026 1108 4109 spero
1130 4022 1172 4085 ob

263 4116 268 4125 '
624 4116 675 4177 Bb
722 4115 789 4179 bu*
849 4134 852 4141 ·
1088 4125 1174 4171 reue·
