2917 4742
158 355 406 481 noevum
448 410 733 484 oenotria,
763 410 1024 535 enanenjr.
1077 429 1173 519 11'57
1222 437 1223 445 ¹

154 590 266 653 olorem
282 588 503 673 obstrependo,
537 601 858 675 aequareanunquam'
883 594 994 671 studui,
1030 590 1170 683 laperate
1229 588 1232 597 ¹

151 676 244 736 multo
261 675 373 737 minor.
394 676 464 735 Non
480 674 623 754 equidem
638 678 688 739 tali
705 698 755 737 me
769 680 878 759 dignor
892 680 1019 743 bonore.
1041 680 1169 750 Fortasse

151 759 312 819 Leontinos
348 759 472 819 uotdatn
488 776 519 821 et
532 761 661 821 Vulcani
675 758 714 820 de
728 758 820 839 stirpe
836 758 925 838 satos,
947 784 978 825 er
992 766 1065 827 alios
1085 764 1170 833 semi-

149 840 218 902 deos
232 859 324 919 atque
360 861 460 915 ernas,
488 860 575 904 nator
596 839 706 905 scilicet
725 844 901 907 melioribus
922 848 1024 923 antris,
1044 848 1092 913 illi
1109 872 1168 915 ma·

147 941 219 985 aeut
240 922 395 1005 triumphi.
441 922 500 986 Etsi
522 923 654 1006 proseclo
675 945 796 1006 pugnae
817 926 958 991 haclenus
982 932 1018 991 ab
1039 934 1098 993 illis
1116 936 1165 997 de·

144 1024 311 1087 pugnante,
332 1006 390 1067 boc
405 1007 463 1081 est,
484 1009 690 1071 oratiunculae
703 1008 851 1089 quaedem
871 1012 908 1071 ab
930 1011 989 1073 illis
1006 1012 1164 1082 Ciceronis

144 1091 292 1169 germanis
307 1086 424 1164 versae,
443 1110 484 1150 ne
498 1094 640 1153 nuatione
655 1091 778 1170 quidem
794 1092 865 1153 mibi
882 1093 992 1175 dignae
1011 1098 1162 1163 videntur.

145 1172 224 1246 Quid
238 1174 322 1235 enim
339 1176 372 1233 in
387 1171 447 1233 istis
463 1194 513 1235 aut
528 1172 680 1237 Cicerone
693 1174 959 1237 autDemostbene
974 1179 1099 1259 dignum
1114 1206 1163 1263 ap·

145 1274 242 1333 paret,
273 1274 394 1337 praeter
415 1258 494 1319 male
514 1254 637 1321 consuta
662 1258 809 1337 quaedam
822 1259 1018 1337 emblemata,
1037 1284 1070 1324 ac
1092 1284 1161 1329 cen·
1216 1306 1221 1311 -

142 1356 225 1399 tanes
238 1340 361 1419 potius?
381 1339 509 1413 Quoties
524 1362 541 1402 a
556 1336 716 1403 sententiis*
730 1342 856 1404 oratoris
873 1360 936 1403 toto
952 1344 1055 1421 coelo,
1072 1350 1158 1429 ,quod

142 1424 229 1495 aiunt,
243 1422 406 1483 aberrant?
426 1424 487 1493 (rui
501 1422 623 1502 quidem
637 1423 778 1487 inanibus
792 1424 853 1487 illis
867 1428 1073 1489 iaciationibua
1090 1450 1158 1495 cum

141 1505 238 1583 primis
260 1505 418 1583 efficiunt.
449 1524 481 1569 vt
501 1509 561 1567 mei
584 1508 695 1569 laboris
719 1528 769 1587 me
791 1508 849 1568 iarn
877 1510 977 1571 minus
994 1512 1156 1591 minusque

140 1591 301 1665 poeniteat.
341 1592 405 1667 Nec
420 1589 502 1649 enim
515 1589 561 1651 itti
576 1610 626 1653 me
638 1590 677 1652 de
690 1590 787 1670 gradu
802 1590 995 1655 deiecerunt:
1017 1589 1066 1655 sed
1082 1594 1155 1661 dun

139 1672 239 1746 altius,
262 1678 472 1750 quameorum
487 1690 593 1734 natura
607 1692 639 1735 et
658 1676 767 1752 genius
788 1671 862 1747 lert,
883 1672 1033 1757 assurgere
1053 1680 1155 1743 conati
1244 1699 1254 1733 ι·
1318 1684 1320 1692 ’

136 1748 210 1827 lunt,
230 1757 312 1815 vltro
329 1754 464 1839 prostrati
482 1772 674 1831 corruerunt,
695 1776 790 1822 onere
806 1752 953 1839 suscepto,
975 1760 1056 1841 quod
1072 1760 1153 1824 infir·
1232 1824 1237 1833 ,

136 1840 173 1909 mi
193 1839 303 1900 eorum
323 1838 442 1899 humeri
464 1834 607 1901 sustinere
626 1839 712 1901 nullo
729 1838 819 1901 modo
834 1860 1010 1921 potuerunt.
1054 1842 1150 1908 salsi

135 1922 194 1999 quis
202 1922 363 1994 Hercules,
377 1940 428 1983 aut
441 1923 525 1983 Atlas
541 1919 648 2003 potius,
662 1922 903 1985 Demosthenem
917 1926 1038 1987 Romam
1055 1930 1150 2007 perla-

133 2020 190 2063 tum
204 2003 331 2067 tandem
344 2004 504 2085 aliquando
517 2007 550 2065 in
566 2002 664 2066 rostris
685 2006 852 2079 collocarit,
873 2027 1062 2089 quantopere
1083 2032 1146 2074 non

131 2087 217 2149 modo
239 2087 430 2161 Quiritibus,
457 2083 507 2147 led
529 2106 560 2150 et
574 2086 708 2148 Feretrio
722 2086 770 2149 isli
785 2090 851 2149 loui
865 2086 926 2169 ipse
938 2092 1020 2153 inter
1034 2080 1147 2171 primo}
1188 2134 1192 2143 ·

131 2170 378 2247 congratulabor?
395 2171 522 2231 Interim
535 2190 593 2249 ego
607 2191 710 2233 cneum
724 2168 824 2233 saxum
838 2168 938 2247 verso,
963 2174 1046 2257 quod

177 2269 183 2273 ·
204 2250 232 2309 0
250 2254 362 2312 otim
380 2251 491 2325 eandm
510 2253 566 2311 iarn
585 2248 689 2327 [ammo
711 2256 814 2313 vertice
833 2250 933 2313 montis

203 2328 354 2413 Confistnt,
369 2332 520 2415 lustumque
532 2330 609 2413 finnt
630 2338 751 2417 requiete
765 2338 865 2415 potiri.
1137 2410 1140 2420 1

127 2412 180 2475 Sed
195 2420 388 2482 aemulorum
401 2420 546 2499 iniquitas
562 2418 680 2495 effecit,
698 2438 732 2482 vt
754 2438 784 2481 et
804 2420 925 2501 longius
949 2415 985 2477 ab
1006 2414 1141 2481 instituto

125 2498 311 2579 aberrarem,
330 2521 362 2563 et
378 2520 481 2566 contra
493 2498 653 2585 ingenium
667 2521 698 2565 et
714 2500 961 2565 consuetudinem
977 2520 1075 2571 meam
1091 2502 1140 2562 ali·

125 2584 190 2659 quid
212 2584 388 2647 iracundius
410 2604 441 2649 et
461 2589 647 2667 arrogantius
669 2586 707 2649 de
722 2607 772 2647 me
787 2583 848 2667 ipse
862 2585 1004 2647 dicerem.
1045 2584 1092 2643 nd
1108 2598 1143 2663 te

124 2664 207 2743 igitur
227 2690 314 2730 nunc
333 2668 444 2745 redeo,
462 2668 567 2742 irater,
587 2687 617 2731 et
636 2692 653 2729 a
673 2688 704 2731 te
726 2688 815 2748 peto,
838 2686 869 2729 rt
890 2668 1029 2729 libellum
1048 2666 1139 2743 hunc,

123 2769 179 2808 uon
194 2752 289 2813 modo
304 2751 527 2821 necessitudinis
541 2748 667 2825 nostrae,
687 2770 718 2813 et
731 2753 767 2813 ab
783 2748 843 2833 ipsa
858 2768 962 2813 natura
976 2747 1137 2825 institutae,

124 2850 150 2889 et
168 2834 279 2897 iisdem
300 2834 404 2898 studiis
423 2833 631 2909 confirmatae,
651 2834 762 2915 pignus
781 2856 812 2895 ac
829 2849 1061 2893 monumentum
1076 2828 1136 2893 elle

122 2916 201 2994 velis,
224 2915 278 2979 sed
294 2914 448 2979 censorem
461 2919 556 2979 ¹etiam
570 2939 654 2999 agas,
674 2937 821 2997 tuumque
835 2917 979 2977 iudicium
1001 2916 1153 2993 interno-¹
1178 2932 1183 2946 ¹

122 3017 178 3060 nas.
215 2990 406 3063 Existim'atio
429 3002 512 3061 enim
530 3019 581 3063 tua
600 3022 696 3081 aeque
719 3022 752 3061 ac
767 3022 833 3061 mea
843 3000 895 3075 ¹bic
909 3000 1015 3079 agitur.
1055 2998 1132 3070 Nam

122 3099 181 3141 tum
194 3083 251 3145 tibi
269 3086 444 3162 coniugium
458 3082 565 3146 filiolas
580 3101 699 3145 tantum
713 3085 882 3145 incolumes
901 3082 1038 3155 donarit,
1056 3079 1133 3141 mihi

120 3161 188 3226 lilios
205 3170 269 3229 vita
282 3168 401 3229 caelebs
415 3168 546 3249 negarit,
564 3187 667 3246 neque
680 3163 796 3229 nostrae
810 3167 908 3247 gentis
923 3183 1013 3245 atque
1036 3164 1131 3223 nomi·

121 3249 160 3308 nir
172 3252 331 3331 quisquam
351 3247 494 3330 superstes
509 3249 596 3311 nobis
609 3248 676 3313 lore
692 3250 844 3325 videatur,
864 3248 933 3311 libri
949 3246 1040 3325 nostri
1057 3246 1130 3307 libe-

122 3350 179 3391 rum
199 3335 271 3394 loco
290 3334 380 3395 nobis
400 3330 460 3395 ess'e
482 3332 613 3409 debent,
632 3334 740 3411 quibus
755 3331 1073 3395 ll⁷olfinnum·rromen
1091 3328 1129 3391 ab

119 3414 270 3479 obliuione
283 3416 463 3497 posteritatis
478 3434 509 3479 et
523 3418 560 3479 ab
573 3418 699 3477 interitu
716 3416 894 3477 vindicetur.
943 3410 1013 3483 Quo
1035 3412 1130 3490 magis

120 3499 202 3558 etiam
217 3519 314 3579 opera
327 3498 427 3561 danda
441 3498 501 3574 est,
519 3518 549 3562 vt
561 3518 629 3559 cum
643 3489 734 3559 laude
748 3507 780 3561 'et
793 3497 1019 3579 gloriandum,
1038 3514 1128 3573 quam

119 3598 179 3640 cum
195 3585 365 3661 ignominia
387 3602 418 3643 et
440 3583 549 3663 probro
565 3582 596 3658 id
609 3578 669 3643 fiat.
710 3584 780 3643 Non
797 3600 847 3641 me
860 3579 952 3661 sugit,
971 3574 1045 3672 quid
1062 3596 1129 3673 cau-

117 3658 164 3723 lari
177 3666 281 3743 pollis:
301 3668 405 3727 multia
418 3668 478 3727 iam
490 3668 579 3727 annis
589 3665 646 3727 tibi
660 3663 697 3727 ad
711 3664 786 3727 baec
798 3662 892 3725 studia
906 3662 956 3721 vel
971 3654 1130 3738 telptcren-

117 3744 253 3809 diarium
264 3746 409 3811 defuiffe:
429 3750 511 3809 domi
526 3768 595 3811 cum
610 3747 659 3822 sis,
679 3748 771 3809 totius
787 3746 848 3807 diei
868 3738 1127 3807 discursationibus

118 3830 150 3891 ad
169 3851 309 3912 aegrotos
328 3830 502 3912 defatigari:
536 3828 624 3916 saepe
647 3830 739 3890 etiam
760 3852 777 3891 a
798 3828 956 3893 nobilitate
978 3824 1077 3921 vicina
1095 3844 1128 3889 et

117 3912 294 3994 principibus
314 3934 475 3986 euocatum
497 3936 514 3976 a
536 3916 620 3987 libris
635 3910 753 3992 proclus
773 3910 881 3975 abeffe.
919 3910 986 3973 scio
1001 3907 1074 3992 ista,
1094 3926 1127 3971 et

116 3990 246 4059 honellas
260 3998 325 4060 istas
340 4019 415 4061 occu
435 4000 569 4074 briones,
588 4016 656 4059 cum
671 3997 811 4076 praemiis
826 3993 991 4059 autoritatis
1012 4008 1043 4051 et
1062 4010 1126 4071 gra-

116 4076 168 4139 tiae
189 4081 376 4159 coniunctas,
393 4021 451 4145 nbi
472 4084 615 4164 gratulor.
654 4079 714 4141 Sed
734 4080 817 4143 idem
838 4098 903 4141 non
923 4072 1073 4166 conchos
1092 4092 1125 4145 ¹9

393 4173 398 4181 '
510 4174 516 4185 ’
580 4165 731 4240 Εεεος
769 4184 773 4192 ·
1041 4166 1127 4217 occu,
