2917 4742
269 366 272 374 .
333 339 428 442 „„
475 332 689 445 ,naam
716 286 1007 463 aaut-cmm
1041 288 1300 410 aninum:

159 576 167 603 ,
219 537 222 543 “
327 522 512 602 ignonemut.
552 520 611 581 Ata
624 487 800 599 'enim-mh
820 514 858 579 ad
879 516 1037 601 impetitos
1057 515 1213 593 homines,
1234 535 1373 597 eosque

330 622 455 678 omnes,
477 601 528 680 qui
547 604 581 663 in
601 596 757 665 subtilibus
780 600 946 663 rationibus
970 588 1174 681 percipiendis
1196 592 1259 663 nhn
1281 594 1358 663 sunt

111 685 118 697 “
232 755 239 771 l
328 672 501 759 elteccituti,
520 683 673 746 docendos
701 680 984 764 persuadendosque
1004 680 1166 751 necessaria
1187 682 1359 745 admodum

329 769 384 832 est.
425 767 518 843 Quod
533 770 616 831 enim
625 768 782 835 dialetlice
798 768 879 837 inter
893 761 1094 849 philosophos,
1112 766 1144 835 id
1156 768 1360 831 interciuiles

173 929 177 943 Ι
218 854 232 882 ”
273 864 276 870 ’
329 869 441 915 munus
457 851 624 913 rhetoricae
637 849 689 911 est.
729 854 806 913 Nam
821 848 843 910 st
858 849 890 911 in
907 849 1242 912 ciuitatibuuhaecnun
1267 846 1360 924 effer,

329 954 418 1015 quae,
432 954 470 995 an
484 936 559 1004 vtile
572 932 688 1014 aliquid
700 929 782 1003 esset,
791 950 841 995 aut
854 933 980 1007 inutile,
999 934 1080 995 inter
1095 929 1288 1007 consultores,
1310 952 1358 994 an
1372 986 1373 997 ,

217 1066 223 1071 -
327 1017 450 1090 iulium,
463 1032 513 1088 aut
526 1015 678 1091 iniullum,
697 1016 779 1097 apud
790 1015 923 1091 iudices,
945 1036 984 1077 an
1002 1015 1170 1091 honestum,
1186 1032 1236 1078 aut
1249 1034 1359 1095 turpe,

327 1099 409 1180 apud
429 1088 606 1179 'spectatores
627 1098 818 1173 ostenderet,
836 1093 959 1167 consula
978 1098 1076 1161 omnis
1100 1100 1179 1161 vitae
1195 1096 1360 1177 traduih'o,

332 1201 424 1261 atque
437 1182 653 1243 administratio
667 1181 841 1243 baberetur.
882 1179 961 1245 Cum
976 1182 1059 1242 enim
1073 1202 1128 1263 pru
1143 1178 1193 1243 sua
1218 1183 1358 1261 quisque

327 1267 478 1345 opinione
500 1266 591 1336 facile
611 1264 711 1345 decipi
736 1264 840 1346 pulht,
863 1283 894 1327 et
908 1260 1013 1345 segnes
1032 1264 1186 1326 natura‘ad
1205 1260 1357 1326 discenda

148 1406 157 1429 Ι
199 1419 202 1423 ⁴
326 1348 410 1412 hona
427 1346 661 1428 hominumllnt,
681 1363 748 1409 tunt
769 1344 881 1410 etiamst
902 1344 1051 1421 sciuerint,
1071 1345 1159 1409 facile
1172 1346 1279 1411 affec'lu
1295 1349 1355 1407 uli-

328 1452 391 1513 quo
411 1432 454 1492 it'a
472 1432 686 1513 deprimitur,
707 1420 740 1493 it
763 1430 800 1493 ad
824 1450 891 1491 nun
907 1431 1024 1512 agenda
1043 1416 1124 1493 hona
1148 1432 1373 1511 procliuiores'

326 1514 468 1587 euadant,
486 1515 547 1589 ille,
562 1516 613 1594 qui
627 1515 683 1574 hac
696 1511 839 1576 facultate
854 1512 897 1575 est
914 1513 1082 1595 praeditus,
1102 1516 1165 1576 ttia'
1173 1513 1356 1577 huiusmodi
1372 1540 1373 1553 ¹

326 1598 529 1679 gerendarum
544 1616 645 1659 retum
659 1596 880 1678 impedimenta
897 1598 1049 1658 exanimis
1067 1597 1223 1662 hominum
1238 1597 1355 1671 aufert,
1372 1624 1373 1633 ¹

159 1684 163 1692 ’
287 1700 293 1707 ·
326 1683 424 1746 tribus
439 1678 477 1740 ad
494 1676 735 1763 peusuadendum
749 1680 868 1741 idoneis
883 1680 978 1741 modis
1000 1680 1150 1743 adhibitis.
1192 1682 1239 1743 Ne
1258 1683 1373 1743 enim

326 1765 477 1845 plerique,
498 1784 538 1825 an
559 1765 633 1825 vtile
646 1762 698 1837 fit,
725 1763 808 1843 quod
829 1762 980 1844 agendum
1002 1762 1135 1839 videtur,
1162 1783 1200 1823 an
1224 1764 1351 1837 lullum,
1372 1770 1373 1797 ¹

325 1846 410 1929 quud
433 1845 629 1908 iudicandum
642 1845 693 1920 est,
714 1868 752 1908 au
770 1844 937 1921 honestum,
958 1846 1039 1927 quod
1052 1846 1096 1908 est
1108 1847 1353 1929 approbandum,
1372 1866 1373 1923 3

298 1981 306 1988 ,
323 1930 478 2010 ignorent,
494 1931 533 1991 iis
549 1945 648 1992 orator
664 1931 858 2010 eloquentiae
877 1928 984 1991 artilex
1003 1926 1181 2005 'rationibuu
1195 1950 1258 1991 non
1281 1925 1355 2007 sub·
1372 1928 1373 1953 ¹

326 2013 432 2075 tisibus
453 2013 513 2077 illis
533 2014 674 2095 quidem,
694 2008 745 2075 sed
767 2012 805 2073 ad
828 2012 964 2074 ciuilium
985 2012 1144 2075 hominum
1162 2030 1282 2093 captum
1299 2012 1373 2073 auc-²

326 2095 523 2158 commodatis
553 2096 692 2158 docendo
712 2118 746 2157 ιιι
769 2096 863 2159 tribus
883 2092 1035 2157 causarum
1060 2096 1224 2179 genenbui
1237 2086 1373 2157 uerita-‘l

326 2197 391 2241 tem
405 2144 582 2243 manifestat.
602 2199 644 2239 ne
658 2181 733 2240 item
747 2178 783 2241 ad
793 2174 967 2241 discendum
981 2175 1088 2261 segnes
1102 2175 1162 2243 sese
1181 2176 1354 2244 exhibeant
1372 2170 1373 2207 ³

325 2262 477 2335 homines,
491 2243 668 2346 d'aleiiando
682 2262 791 2337 allicit,
811 2275 855 2324 ne
876 2263 1013 2341 quamuis
1033 2280 1139 2323 verum
1151 2257 1250 2338 sciant,
1270 2263 1373 2325 vitiol

274 2369 282 2385 ·
326 2363 430 2408 tamen
451 2345 608 2428 deprauati
622 2344 704 2406 aliud
720 2346 819 2406 fucere
835 2346 947 2419 velint,
970 2344 1123 2407 mouendo
1136 2343 1235 2419 afficit,
1252 2362 1352 2424 atque
1372 2344 1373 2387 l

269 2499 272 2511 ¹
298 2441 300 2446 '
327 2430 372 2493 ita
389 2429 588 2509 adagendutn
601 2426 823 2510 quodammodo
836 2430 1000 2508 compellit.
1040 2432 1117 2490 Nam
1136 2428 1158 2489 fi
1180 2428 1246 2508 quis
1269 2420 1373 2489 haecl

324 2529 470 2593 tanquam
484 2509 624 2593 suspectas
638 2528 726 2580 artes,
751 2528 782 2573 et
797 2511 943 2573 violentas
951 2510 1102 2572 machinas
1110 2510 1265 2574 euitandas
1274 2530 1352 2572 cen·
1372 2508 1373 2579 l

326 2592 378 2670 set,
395 2596 606 2658 iaauditurum
620 2588 766 2655 inscitiam
782 2592 803 2655 st
818 2595 892 2669 vult,
909 2594 1051 2661 damnare
1064 2594 1169 2675 potest,
1187 2594 1240 2675 qui
1252 2590 1347 2656 nu'llo
1372 2596 1373 2633 l

232 2731 236 2741 .
325 2682 385 2741 alio
411 2678 501 2745 modo
522 2678 706 2741 intelleiluri
725 2692 828 2752 erant,
849 2696 920 2738 eutn
942 2695 1023 2752 veto,
1038 2676 1090 2759 qui
1104 2677 1142 2738 ad
1152 2678 1275 2738 illorum
1288 2679 1352 2738 im·
1372 2674 1373 2719 l

234 2782 242 2787 ·
323 2762 522 2825 hecillitatem
534 2760 704 2821 oratidnet'u
716 2755 797 2827 suant
811 2760 1030 2829 accommodat,
1049 2758 1103 2823 nist
1117 2760 1240 2821 laudate
1260 2776 1351 2823 certe
1372 2762 1373 2821 l

324 2841 791 2922 nondebet.Tantamfiquidem
803 2843 1351 2925 audioritatenadignititemetexcel-
1372 2828 1373 2861 ¹

323 2929 451 2991 lentiam
464 2926 544 3007 apud
559 2944 665 2989 omnes
680 2926 808 3000 obtinet,
828 2943 868 3000 vt,
878 2924 950 2987 sicut
963 2925 1179 3007 vituperandus
1186 2926 1273 2987 nullo
1281 2946 1350 2988 mo·
1372 2914 1373 3003 l

326 3011 367 3071 du
385 3009 436 3083 est,
458 3012 500 3070 ita
513 3008 603 3069 laude
618 3025 649 3069 et
669 3009 767 3089 gloria
782 3028 820 3069 ex
845 3004 904 3070 sese
926 3006 1003 3070 adeo
1027 3008 1178 3083 abundet,
1199 3026 1230 3069 vt
1250 3009 1350 3071 laudi·
1372 3006 1373 3051 l

253 3101 261 3107 '
323 3094 382 3156 bus
403 3087 586 3153 extrinsecus
607 3090 709 3170 petitis
739 3092 865 3152 minime
895 3090 1037 3173 indigeat.
1066 3106 1070 3109 ·
1100 3094 1177 3153 Natu
1205 3096 1373 3161 quamdiu

326 3176 379 3239 alii
400 3171 530 3235 scientiis
551 3190 583 3235 et
597 3170 758 3254 disciplinis
772 3172 929 3237 insttuilus
942 3174 985 3234 ad
999 3164 1239 3255 persuadendum
1259 3174 1351 3239 acce·
1372 3182 1373 3223 l

207 3264 211 3276 '
247 3322 250 3331 ,
325 3258 385 3335 dat,
405 3258 526 3339 propria
538 3275 639 3318 tamen
655 3255 745 3317 laude
760 3252 819 3319 effe
832 3274 991 3319 contentus
1009 3258 1115 3339 potest.
1135 3258 1216 3320 Sicut
1240 3277 1349 3322 ututur
1372 3290 1373 3303 ι

197 3350 203 3363 “
282 3421 285 3428 .
323 3341 375 3405 hic
395 3340 511 3415 nollet,
534 3341 588 3420 qui
605 3338 776 3402 clarissimus
791 3340 878 3401 inter
900 3358 1006 3401 omnes
1022 3341 1079 3402 hoc
1101 3342 1266 3423 ingenet'e
1290 3342 1347 3418 est,
1372 3356 1373 3361 ’

325 3444 418 3505 quem
439 3442 512 3505 prae
533 3423 672 3487 manibus
695 3423 857 3498 habemus,
871 3424 953 3489 'licet
971 3424 1035 3487 aliis
1057 3420 1221 3503 disciplinis
1241 3422 1349 3488 fuisset
1372 3440 1373 3453 ¹

325 3508 477 3580 eruditus,
495 3521 528 3567 et
535 3526 575 3567 ex
583 3508 714 3567 Plutonia
727 3502 827 3567 schola
837 3508 932 3567 multa
953 3508 1104 3590 praeclara
1122 3503 1282 3582 didicisset,
1311 3530 1347 3572 et
1372 3508 1373 3537 ³

216 3589 220 3596 '
282 3638 295 3649 .
323 3588 524 3671 Thucydidi,
561 3584 695 3669 scriptori
734 3587 931 3664 Atheniensi,
959 3607 1081 3652 tantum
1110 3589 1239 3653 studium
1261 3590 1373 3654 adlit-¹

219 3730 223 3739 .
323 3670 442 3748 huillet,
463 3690 495 3733 vt
509 3670 602 3733 odies
613 3670 666 3733 fibi
683 3672 749 3734 eius
761 3670 898 3746 historias
913 3668 1122 3735 describendas
1136 3674 1256 3755 putarit,
1277 3678 1349 3736 nul-

324 3758 385 3818 lius
401 3774 507 3821 eorum
521 3754 648 3835 glutiant
664 3753 718 3815 fibi
731 3746 850 3816 videtur
864 3754 1018 3831 tffedlall'e,
1038 3756 1092 3821 nih
1108 3758 1174 3819 eiu‘t
1190 3754 1242 3830 rei,
1265 3778 1350 3837 quae
1372 3762 1373 3767 ’

175 3886 179 3901 ,
286 3903 289 3912 ,
324 3830 637 3919 huiustaatummodo
652 3838 723 3899 attis
739 3836 910 3900 stnedubio
922 3842 1045 3921 proptia
1064 3839 1116 3902 est.
1140 3838 1235 3901 .Cum
1255 3843 1349 3904 enim
1372 3868 1373 3881 ¹

325 3924 463 4003 quinque
477 3918 551 3980 haec
558 3938 658 3999 partes
667 3920 783 3996 haheat,
802 3922 1023 3995 incentionem,
1037 3918 1267 4009 dispositionem,
1284 3927 1350 3987 elo.

324 4006 516 4142 millium»
536 4006 715 4084 memoriam
727 4020 760 4069 et
781 4008 1090 4127 pronunciadenem,
1109 4006 1356 4159 ιιλῖῗῆῗιὶιὲὲἰ
1372 4012 1373 4049 ³
