2917 4742
186 348 418 455 vuar
486 376 493 393 ·
558 382 564 391 -
653 305 986 417 u'rrrtonr

250 539 253 549 '
307 472 699 607 idexpetiundo‘disociet,
728 526 819 607 quale
833 510 906 621 effet
919 488 1079 600 innutriri,
1096 523 1188 607 quale
1200 526 1350 609 animala

132 640 135 650 ·
237 671 242 688 ,
308 614 373 675 lere
387 612 420 673 iu
435 610 567 690 optimis.
624 653 626 660 ,

374 693 542 757 Laudabilis
556 691 680 774 quidem
693 688 737 753 est
749 692 847 766 omnis
861 693 1031 753 animorum
1045 687 1209 763 institutio:
1220 708 1343 771 neque

308 794 393 854 tanta
403 795 535 855 vnquam
547 774 605 837 suit
617 792 669 837 aut
689 770 892 837 innascendo
912 774 1100 855 ingenuitas,
1116 768 1170 836 aut
1184 774 1348 835 conditio-
1366 827 1374 833 .

311 862 360 925 nis
381 859 610 943 praerogatiua,
642 858 693 918 cui
712 877 777 919 uon
797 858 1017 938 aliquantulum
1038 854 1152 919 addidit
1174 856 1347 937 peiceptio

314 943 436 1006 iliarum
451 942 575 1012 artium,
604 960 684 1020 ‚quas
696 940 874 1021 profitemur
882 962 892 1013 ;
917 939 981 1017 siue
995 938 1185 1001 contulerint
1195 939 1232 1000 ad
1246 958 1348 1001 exet·

220 1090 225 1101 ,
296 1026 489 1102 ,citationem
507 1018 742 1100 adolescentiae,
769 1021 831 1085 fiue
852 1023 890 1085 ad
901 1018 1060 1089 subsidium
1078 1016 1252 1085 senedutis:
1267 1020 1347 1083 siue

314 1108 387 1181 lint,
415 1108 467 1169 vbi
488 1108 545 1167 illa
566 1124 648 1169 aetas
661 1102 746 1167 suurn
761 1108 856 1167 orium
869 1102 1045 1167 oorrsume1·e
1060 1106 1146 1183 polsrt
1161 1124 1230 1167 cum
1242 1106 1349 1165 inno-

315 1191 432 1263 centia,
454 1206 504 1251 aut
518 1189 683 1254 baecrcum
705 1188 835 1269 quodam
855 1188 951 1250 frutlu
964 1188 1173 1253 iucunditatis:
1193 1187 1346 1267 denique

295 1273 378 1336 'siue
391 1272 539 1346 tutandis,
562 1270 624 1333 siue
647 1272 790 1333 ornandis
811 1273 945 1333 moribus
965 1270 1022 1333 sint
1036 1288 1185 1351 repertae.
1223 1274 1274 1331 Tu
1292 1272 1349 1330 in,

317 1375 402 1421 terea
416 1374 521 1435 parum
537 1370 698 1415 contentus
713 1351 960 1429 necessarioillo,
975 1350 1037 1419 ‚sed
1052 1356 1245 1435 peruulgato,
1264 1354 1347 1415 lite·

252 1508 257 1520 ,
317 1458 417 1503 tarum
432 1433 498 1511 vsu,
517 1434 647 1497 adtulisli
660 1436 698 1499 ad
712 1438 787 1499 baec
800 1436 1088 1517 genetavstudioturn
1103 1458 1166 1498 non
1180 1438 1275 1516 magis
1290 1458 1349 1497 or-

318 1536 498 1587 namentum
518 1520 641 1599 aliquod
663 1538 694 1581 et
714 1520 893 1602 dignitatem
901 1540 916 1596 ,2
937 1538 1027 1601 quarn
1040 1521 1176 1581 inuidiae
1189 1518 1270 1601 quast
1287 1538 1350 1579 cu-

316 1604 450 1677 mulum,
477 1622 546 1662 cum
567 1621 817 1684 unumquemque
827 1602 976 1679 nostrum,
1003 1604 1055 1685 qui
1071 1603 1107 1665 ad
1121 1602 1249 1684 singulas
1264 1621 1349 1663 eru·

317 1686 442 1749 ditionis
458 1678 570 1764 species
582 1707 803 1767 comparamur,
822 1706 939 1749 tanturn
954 1704 1079 1749 natutae
1092 1687 1296 1767 benignitate,
1306 1702 1346 1746 et

312 1766 479 1831 industriae
499 1768 589 1832 laude
612 1770 837 1849 antecelluerit,
866 1786 1013 1851 quantum
1033 1770 1196 1832 antecellas
1218 1770 1290 1829 loco
1308 1786 1354 1850 ec

268 1862 272 1869 '
320 1851 498 1913 conditioni.
538 1854 582 1914 Ea
602 1851 825 1918 existimatione
843 1872 911 1915 cum
933 1852 1031 1915 statim
1051 1854 1189 1927 floreres,
1210 1852 1347 1933 petebat·

318 1936 359 1996 ris
375 1956 392 1995 a
406 1934 575 2013 republica,
600 1957 664 1997 non
684 1937 720 1999 ab
743 1956 779 1997 ea
797 1939 899 1999 ornari
919 1937 1052 2017 petebas.
1093 1931 1287 1998 Consecutus
1304 1954 1346 1995 es

320 2016 424 2079 omnia
436 2016 560 2079 lionoris
572 2038 606 2079 ac
617 2012 936 2099 dignitatis-'praemia
961 2036 1053 2099 atque
1065 2038 1103 2081 ea
1116 2008 1242 2100 q'uidem
1255 2034 1348 2079 aeta·

320 2118 368 2175 te,
390 2118 467 2177 quae
487 2102 604 2163 nonin
623 2103 673 2165 adi
693 2098 820 2163 iscendis
841 2102 1022 2176 bonoribus,
1047 2100 1097 2167 sed
1116 2104 1148 2163 in
1162 2102 1264 2163 animo
1280 2098 1350 2161 fin·

322 2180 441 2264 gendo,
462 2178 585 2246 sollicita
597 2180 658 2247 esse
671 2125 763 2247 solen
795 2186 975 2265 Legationes
989 2184 1094 2248 arduas
1108 2202 1198 2264 atque
1214 2185 1350 2263 longin·

319 2284 393 2345 quas
407 2284 462 2343 pto
476 2268 630 2346 republica
641 2268 739 2329 obiisli
747 2314 755 2343 ,
782 2286 850 2328 cum
870 2266 967 2329 adhuc
978 2284 1127 2341 maturum
1141 2266 1237 2329 rideri
1251 2282 1349 2345 pote·
1378 2314 1379 2317 ,

319 2364 374 2421 rat,
395 2350 435 2407 de
449 2350 619 2426 primordiis
638 2352 735 2411 ciuilis
756 2345 911 2425 scientiae,
939 2368 971 2413 et
992 2351 1031 2412 de
1046 2350 1347 2431 rerumpublicarum

321 2425 503 2513 generibus,
528 2434 662 2495 moribus
674 2451 707 2495 et
716 2431 857 2495 institutis
870 2434 1017 2495 meditari.

256 2526 260 2531 ’
382 2508 483 2583 Quam
494 2513 609 2576 deinde
621 2518 724 2578 aetatis
738 2534 855 2595 partem
867 2516 1050 2597 transegisti,
1072 2534 1122 2579 aut
1135 2513 1274 2577 laudibus
1291 2534 1349 2575 va·

224 2641 230 2658 1
304 2594 425 2671 'cuam,
453 2614 504 2657 aut
525 2596 656 2661 sterilem
673 2594 837 2661 felicitate?
877 2602 947 2660 Non
969 2600 1073 2660 ciuiles
1094 2604 1226 2663 rationes
1239 2598 1349 2678 gloria

279 2691 297 2726 ·-
322 2698 500 2741 caruerunt:
519 2702 589 2741 uon
609 2678 790 2745 domesticae
812 2683 906 2762 gratia
924 2698 956 2762 et
977 2681 1110 2743 fortuna.
1148 2684 1186 2741 ’Τ
1187 2680 1231 2743 ibi
1249 2682 1346 2743 enim

324 2762 454 2843 publicis
468 2763 540 2825 licet
556 2782 588 2825 et
601 2764 728 2840 muniis,
755 2782 788 2827 et
801 2763 967 2827 bonoribus
975 2766 1140 2839 innutrito,
1158 2766 1206 2825 ela
1241 2762 1346 2825 itacst

284 2855 290 2866 ’
322 2860 431 2905 natura
452 2864 559 2907 omnes
571 2849 737 2928 elegantias
758 2848 891 2924 priuatae
911 2846 1078 2922 felicitatis,
1097 2842 1207 2927 quibus
1237 2864 1349 2907 ruere·

296 2930 300 2942 ’
325 2927 383 2996 ris:
402 2928 529 3007 elargita
541 2927 584 2989 est
600 2931 694 2991 etiam
705 2931 851 3009 optimam
866 2948 961 2993 artem
982 2930 1114 2993 fruendi.
1152 2930 1248 2991 Natus
1262 2923 1347 2989 sum-

244 3047 252 3056 ·
324 3028 384 3095 ms,
395 3028 525 3089 genere,
551 3028 680 3092 atroque
694 3028 822 3091 parente
833 3012 1023 3089 nobilitatus,
1046 3030 1145 3093 eaque
1157 3009 1223 3075 vsus
1235 3010 1350 3073 condi·

324 3092 415 3158 tione
430 3089 584 3168 nascendi,
612 3112 730 3157 utnon
752 3095 933 3173 honoribus,
966 3116 1042 3176 quos
1059 3097 1261 3168 contulimus,
1289 3116 1347 3157 au«

253 3203 259 3227 ι
323 3174 402 3248 uus,
429 3174 591 3237 verumad
610 3197 663 3239 eos
676 3176 922 3239 condecorandos
943 3178 1034 3241 sadus
1049 3178 1210 3253 videreris,
1227 3196 1348 3258 magna

322 3276 391 3317 cum
406 3258 542 3320 omnium
553 3256 619 3339 spe,
643 3279 814 3341 magnaque
832 3258 941 3323 fiducia
952 3262 990 3323 ad
1004 3262 1220 3342 rempublicam
1229 3278 1349 3351 geren·

324 3338 394 3401 dam
406 3339 551 3403 accessisti
591 3344 630 3403 Et
654 3346 841 3423 qdanquatn,
869 3364 947 3424 quae
968 3342 1277 3420 naturaautsortuua
1293 3344 1348 3404 da·

328 3439 449 3498 rentur,
474 3423 508 3483 in
526 3424 564 3485 iis
586 3425 677 3487 rebus
698 3429 747 3487 Te
766 3426 846 3487 vinci
868 3424 964 3505 posses
981 3446 1078 3509 aequo
1093 3430 1194 3489 artirtm
1208 3427 1288 3507 pati,
1311 3444 1346 3489 ut

237 3577 247 3586 ,
324 3504 401 3567 dixit
412 3507 467 3567 ille
489 3525 509 3566 c
522 3524 544 3567 n
554 3526 669 3571 assu
680 3528 716 3583 s,
735 3506 756 3569 fi
772 3512 874 3571 tamen
889 3512 969 3571 vinci
984 3524 1118 3591 potetas,
1147 3511 1221 3573 vtile
1234 3527 1346 3570 tamen

229 3634 232 3639 -
258 3639 261 3651 .
294 3618 297 3626 ·
320 3582 380 3652 fuit
396 3590 593 3669 reipublicae,
613 3590 769 3653 scut'slbi
781 3589 958 3671 gloriosum,
983 3610 1028 3655 tot
1042 3592 1121 3675 quast
1135 3592 1349 3676 pignoracon·

323 3666 465 3745 stantiae,
487 3673 521 3732 in
534 3692 638 3752 regem
652 3672 738 3748 fidei,
756 3675 788 3733 in
798 3676 1014 3754 rempublicam
1022 3678 1208 3751 meritorum,
1220 3676 1255 3749 i'p
1265 3692 1346 3737 vtra-

323 3771 385 3831 que
405 3750 539 3833 prosapia
560 3758 736 3832 numerati,
761 3772 836 3837 quot
860 3776 1001 3820 numerat
1029 3776 1248 3823 cunamen
1264 3776 1288 3819 'r
1306 3778 1345 3820 o·

324 3852 425 3897 savir
448 3854 480 3898 et
509 3856 914 3903 cnanvrrnouvnr
942 3842 1059 3907 domus.
1114 3839 1197 3915 Quid
1222 3860 1345 3903 memo-

211 3966 214 3973 .
300 3959 304 3969 ι
324 3936 389 3979 tem
409 3917 511 3992 Tuum
530 3916 678 3987 summum
698 3924 923 4003 maximumque
939 3925 1087 3987 honorem
1101 3926 1216 4001 vultus,
1241 3924 1345 4001 digni-

247 4007 249 4016 ·
321 4017 415 4063 tatem
437 4001 513 4078 oris,
538 4017 630 4083 atque
648 4006 753 4068 aetatis
777 4022 917 4087 vegetam
939 4022 971 4071 et
989 4008 1174 4075 indeflexam
1187 4008 1345 4071 maturita-
1374 4014 1375 4065 3

1251 4108 1319 4157 tem
1330 4092 1344 4151 ζ)
