2917 4742
129 351 194 475 an
222 396 370 471 sven
398 385 683 469 nrmosrm
722 354 982 513 euterun.
1039 374 1136 495 ¹573
1180 444 1185 459 .

125 598 218 645 uatem
238 578 403 651 vocubulis,
424 578 567 657 quoniam
588 578 702 641 Latinis
719 568 828 661 partim
847 575 963 660 prorlur
983 578 1127 651 carebam,

126 666 224 747 partim
244 658 308 723 latis
328 661 450 741 proptia
472 682 536 721 non
557 661 719 737 habebam,
742 680 793 725 aut
813 660 924 725 Graeca
934 660 995 743 ipsa
1011 664 1128 741 reliqui,
1145 713 1148 721 .

125 764 169 809 aot
185 746 318 808 Latinam
337 745 634 823 interpretationem,
660 766 725 807 non
746 766 834 823 quarn
855 748 952 821 volui,
969 742 1019 807 led
1036 738 1126 807 “uam

126 832 214 909 pomi,
240 847 394 909 quamque
414 824 567 889 lestittatio
590 844 621 888 et
641 846 709 889 mea
729 830 761 889 et'
782 830 961 910 typographi
982 768 1060 909 palli
1073 826 1124 903 est,

124 912 217 975 adieci.
258 912 397 990 Oporino
412 911 502 983 enan,
523 911 660 971 acerrimi
672 910 777 971 iudicii
791 914 870 985 viro,
891 912 980 973 certis
998 910 1037 972 de
1057 930 1123 971 cau·
1156 914 1162 921 ”

123 995 158 1071 is,
177 1014 250 1077 quas
264 1010 323 1055 nec
337 988 400 1072 ipse
412 993 591 1073 improb'aui,
612 1001 675 1053 non
692 990 785 1055 visum
800 992 842 1055 est
858 995 1021 1075 leianum
1046 988 1123 1055 leot·

120 1078 166 1139 iun
180 1075 240 1139 effe
253 1075 421 1149 edendum,
438 1071 497 1150 led,
512 1076 656 1155 quoniam·
665 1094 729 1153 ,tam
743 1094 860 1138 mature
872 1076 909 1137 ad
930 1080 1041 1139 calcem
1061 1096 1127 1159 pet·

121 1158 264 1234 reuiffem,
283 1161 481 1236 interpretem
492 1176 561 1219 cum
574 1175 680 1221 autore
689 1156 740 1221 luo
761 1158 1018 1240 coniungendum.
1055 1158 1124 1221 Ma·

122 1247 195 1305 uime
213 1260 315 1305 autem
334 1241 411 1302 illud
432 1260 503 1302 eum
520 1242 558 1305 ad
571 1240 740 1305 editionem
753 1242 874 1321 impulit
889 1261 970 1322 pene
985 1258 1124 1323 praepto·
1179 1262 1185 1273 ·

122 1323 229 1407 peram,
249 1316 332 1405 quod
348 1342 399 1385 me
413 1324 614 1404 longinquum
627 1327 686 1385 iter
700 1324 846 1387 adornate
865 1326 1070 1407 intelligebat,
1087 1326 1123 1386 in

122 1432 174 1490 quo
187 1408 283 1489 (apud
296 1423 415 1469 exteras
428 1403 598 1485 praesertim
610 1406 764 1483 nationes)
780 1407 871 1483 homo
892 1407 1126 1472 valetudinarius

121 1495 174 1553 leui
194 1494 297 1571 aliquo
320 1484 387 1553 calu
407 1490 449 1571 ita
468 1488 616 1568 prosterni
637 1490 743 1570 potest,
764 1508 795 1553 vt
810 1511 966 1577 nunquam
978 1487 1122 1572 resurgat.
1187 1478 1192 1495 ⁸
1240 1538 1245 1547 .

119 1578 216 1637 llrluit
230 1575 324 1656 igitur
338 1573 501 1653 leianum
514 1573 757 1656 qualemcunque
771 1573 872 1649 edere,
888 1594 975 1655 quam
990 1592 1034 1635 tot
1044 1572 1125 1638 ‚milti

119 1660 226 1721 laborer
243 1657 372 1717 omnino
385 1656 501 1734 perire,
521 1676 650 1735 quotum
663 1653 784 1719 forcalle
797 1658 955 1729 leiloribus
970 1659 1060 1718 etiam
1076 1656 1129 1717 ali·

120 1744 177 1822 quis
189 1737 256 1802 usus
268 1735 329 1800 effe
344 1734 449 1819 pollet,
468 1740 545 1800 Nam
560 1737 581 1799 fi
597 1732 722 1818 spatium
736 1760 769 1802 ac
781 1740 1004 1821 tempusdetur,
1020 1738 1123 1814 multa,

120 1844 187 1907 quae
200 1822 279 1885 mibi
292 1839 415 1901 quoque
428 1816 549 1883 obitura
564 1840 646 1881 nunc
660 1817 737 1897 suut,
751 1820 1123 1903 declararepoffevideor.
1188 1818 1192 1827 “
1249 1876 1252 1883 .

117 1908 199 1985 Quod
220 1906 377 1986 quianon
401 1904 589 1986 negligentia
611 1922 692 1978 mea,
713 1900 764 1967 l'ed
782 1902 922 1969 fortunae
947 1909 1049 1987 culpa,
1063 1924 1140 1969 imor
1233 1974 1236 1985 ¹

118 1994 188 2073 pilae
198 1987 293 2051 inllat
307 1987 365 2049 huc
377 2004 467 2065 atque
486 1988 563 2065 illuc,
578 1988 726 2062 incientis,
746 1984 982 2067 praetermill'am
998 1988 1055 2063 est,
1075 2008 1125 2049 ve·

117 2078 187 2137 uiam
200 2084 346 2149 meretur.
394 2070 432 2131 Et
444 2070 559 2149 alioqui
572 2087 670 2133 totum
681 2070 739 2140 hoc
753 2092 828 2153 opus
844 2072 970 2135 omnino
992 2073 1053 2134 tale
1073 2068 1128 2147 est,
1159 2144 1162 2151 1
1215 2104 1219 2117 .

116 2177 143 2221 ct
154 2177 222 2220 cum
235 2152 351 2215 Ouidio
359 2150 520 2215 dicendum
533 2149 583 2215 stt:

125 2303 129 2316 .
184 2258 231 2322 Ea
252 2258 363 2317 minu
380 2272 435 2335 pro
456 2251 537 2313 laude
551 2270 634 2335 peto:
655 2250 784 2317 ludam
802 2249 917 2335 abunde,

226 2338 298 2400 Nm
309 2334 457 2417 fifiiditm
468 2330 501 2415 fl
515 2333 568 2397 tili
586 2336 671 2397 ledor
688 2356 744 2400 ero.

277 2466 281 2469 ·
309 2444 395 2505 Vale.
434 2440 573 2506 Bafileae.
596 2444 662 2507 Cal.
674 2443 789 2541 Martii.
809 2410 902 2519 Anno
919 2428 1044 2545 ripa..

430 2704 435 2709 ,
484 2620 666 2697 Clarilirmo
689 2625 772 2694 Vtro
1007 2652 1011 2660 ·

131 2728 138 2735 ’
180 2728 527 2801 HIERONYNO
577 2724 1053 2811 PAVMGARTNERO,

117 2831 253 2901 Patricio
277 2852 316 2900 ac
338 2830 492 2900 Senatori
508 2822 806 2919 Norimbetgenla,
836 2828 1035 2921 Vincentius
1059 2823 1127 2911 Ob·
1221 2878 1224 2887 .

320 2923 362 3007 ’,
449 2926 596 3027 lopoeus
666 2955 696 3001 a.
732 2954 781 2998 n.

114 3026 256 3199 Venit
269 3107 371 3167 nuper
383 3085 415 3149 in
429 3108 535 3150 manus
548 3106 629 3148 meas
644 3072 836 3147 admirandae
856 3082 1008 3146 vetustatis
1027 3102 1128 3145 exem·
1171 3116 1174 3125 ·
1201 3116 1213 3165 '.

208 3174 276 3251 plar
292 3172 414 3250 aliquod
430 3174 601 3233 orationum
615 3166 838 3241 Demosthenis,
859 3168 1057 3251 Hieronymo,
1080 3172 1127 3232 vir
1206 3202 1245 3255 ,κ
1307 3224 1342 3243 ,,

117 3252 275 3317 tlatiffime.
318 3254 411 3328 Quod
427 3250 667 3333 cumcoepilsem
681 3271 751 3312 curu
765 3248 877 3311 Aldino
892 3249 1038 3325 conferre,
1053 3252 1130 3313 mul.

118 3336 150 3397 tic
168 3336 201 3399 in
222 3338 300 3400 locis
319 3337 395 3397 illud
419 3356 487 3410 cum
501 3338 621 3417 vulgato
636 3330 802 3413 discrepare
814 3334 957 3413 comperi.
993 3320 1054 3395 lios
1069 3353 1129 3416 ego
1157 3341 1159 3349 '
1200 3352 1207 3359 ’

118 3420 192 3483 locos
208 3416 415 3482 lubnotandos
428 3422 539 3502 putaui,
552 3422 648 3499 inque
660 3416 811 3498 publicam
818 3412 1130 3480 studiosorumvtilita·
1242 3458 1243 3463 κ

118 3518 174 3562 tem
187 3501 402 3583 inuulgando's.
424 3502 604 3582 Quanquam
618 3522 690 3561 vero
704 3498 752 3561 hit
764 3494 841 3559 solus
858 3498 996 3579 priuatim
1010 3497 1132 3579 ftuipo·

118 3581 237 3663 tulliam,
251 3604 302 3647 aut
317 3606 350 3649 m
366 3587 484 3664 occulto
492 3582 608 3647 seruate
615 3586 729 3658 tacitus,
746 3598 856 3653 tumen,
872 3598 939 3639 cum
948 3580 983 3640 ab
993 3582 1134 3647 inuideri.

118 3666 171 3728 tiae
184 3668 294 3731 morbo
309 3687 417 3730 natura
438 3668 629 3743 abhorream,
647 3683 679 3729 et
699 3662 837 3726 candidas
858 3659 1006 3725 musarum
1026 3664 1131 3735 ianuae

120 3747 173 3810 effe
185 3768 342 3832 oporteat,
362 3750 444 3813 lette
463 3771 527 3813 non
541 3752 641 3831 potui,
660 3765 700 3823 ut,
720 3744 904 3828 prouerbiali
919 3748 1066 3824 conuicio,
1085 3771 1130 3815 cg.
1201 3821 1206 3830 Ι

119 3834 161 3894 uis
180 3830 374 3917 inpraelepi
393 3834 520 3897 dicerer.
568 3834 655 3897 Dabo
677 3833 780 3909 itaque
801 3828 834 3889 in
855 3829 956 3890 lucem
976 3831 1133 3917 utriusque

120 3918 296 3997 exemplaris
319 3918 497 3992 lectionem,
522 3938 585 3979 non
606 3915 703 3992 {latim
724 3912 991 3994 pronunciatores,
1015 3931 1080 3979 vtra
1098 3918 1135 3985 stt-
1174 3975 1178 3985 ,
1257 3927 1259 3934 “

119 4000 230 4077 rectior,
247 3997 302 4061 nifi
317 4002 350 4062 in
365 4002 438 4077 locis
455 4018 558 4082 aperte
572 3995 736 4063 mendolis:
754 4012 859 4073 verum
873 3996 936 4057 eius
948 3994 1049 4060 iudicii
1065 4020 1135 4065 cen.
1245 4026 1252 4034 ·

119 4074 208 4146 lutam
231 4082 416 4149 doilioffbcu
429 4086 595 4151 celicium.
612 4078 843 4239 Tpnftppt3enim
855 4077 931 4143 milri
943 4082 1059 4143 temere
1071 4075 1136 4231 rpon'
1175 4110 1178 4125 ¹
1232 4172 1238 4179 ·

384 4210 388 4218 ¹
577 4211 588 4222 ,
1039 4184 1130 4233 auttu
