2917 4742
735 268 738 274 ι
759 259 770 285 x
817 238 825 249 ¹

320 416 415 489 1¹90
631 394 661 468 l.
709 348 1019 468 narrent*

260 596 267 613 ·
318 580 385 645 siue
397 578 532 657 deniqne
545 595 651 638 eorum
663 576 824 647 hominum
838 576 875 639 ad
890 594 986 639 tantas
1009 595 1056 639 res
1068 569 1277 657 exsequendas
1292 576 1353 634 im·
1378 602 1379 637 ς

318 664 503 735 becillitate,
529 661 606 721 nihil
626 660 663 721 ab
686 662 723 722 iis
748 650 981 741 profesinm'est
1000 660 1058 721 hoc
1077 658 1178 719 nostro
1192 655 1351 734 scriptore,

322 764 423 824 eaque
444 740 666 823 exspeeratione
686 744 821 822 dignum.
862 748 995 805 Tantum
1018 742 1101 803 enim
1116 740 1212 815 abest,
1234 757 1267 799 rt
1283 740 1352 800 edi-

319 830 422 891 tio'nes
441 828 582 903 antiquae
603 824 657 885 srbi
686 828 821 887 inuicem
848 844 995 887 maturam
1013 826 1111 885 lucem
1140 821 1351 895 affunderenr,

320 908 530 1057 &aliquando
551 920 586 967 et
609 906 730 989 peffimrr
752 908 827 985 side,
851 918 887 971 'et
908 908 1085 991 indiligenti
1105 909 1236 969 maxime
1250 924 1352 967 mann

376 994 573 1054 exiberentur.

270 1128 274 1151 ¹
357 1157 426 1216 ‚Vt
444 1155 537 1235 igitur
561 1172 659 1214 meam
681 1154 924 1233 qualemcunque
947 1170 1070 1233 operam
1088 1167 1148 1215 tam
1171 1147 1236 1209 utili
1253 1144 1354 1209 co'nsi-

321 1239 366 1305 lio
383 1237 595 1310 admonerem,
614 1234 663 1309 id,
683 1236 765 1316 qnod
782 1232 1042 1299 Francosurtenses
1065 1234 1111 1295 illi
1124 1234 1156 1293 in
1172 1233 1272 1292 animo
1284 1232 1355 1311 agi-

323 1319 444 1395 tur'unt,
461 1319 613 1383 efficium
637 1336 738 1379 autern
760 1340 823 1381 non
844 1318 1010 1394 dederunt,
1033 1319 1066 1379 in
1095 1334 1145 1391 rne
1158 1315 1276 1395 recepi:
1300 1334 1355 1374 ea·

232 1394 241 1442 ²·
324 1422 388 1483 qne
409 1401 574 1476 modestia,
602 1421 679 1481 qnae
698 1421 783 1463 mens
802 1422 901 1465 mores
924 1400 1036 1475 decet,
1063 1418 1099 1461 ea
1112 1416 1213 1461 tannen
1225 1396 1354 1471 siducia,

321 1505 403 1565 qnae
417 1502 554 1548 mentem
573 1478 706 1564 sequitur
722 1482 836 1547 infiniti
858 1484 924 1545 fere
937 1486 1045 1547 laboris
1060 1477 1219 1555 consciam,
1238 1481 1357 1541 leclori

252 1575 256 1583 '
324 1586 397 1631 meo
421 1565 600 1628 commendo
623 1569 701 1628 hanc
722 1570 823 1650 operis
844 1566 1071 1631 Demosthenici
1094 1566 1268 1643 particulam
1283 1565 1379 1637 rnl-,

321 1652 400 1731 gatis
414 1649 662 1729 omnibuslonge
682 1650 930 1711 emendatiorem.
970 1650 1104 1725 Multum
1123 1642 1194 1708 sane
1211 1645 1248 1707 ad
1257 1646 1358 1711 'hunc
1378 1672 1379 1677 ¹

323 1733 456 1793 nitorem
473 1731 615 1811 priuatim
627 1733 755 1794 contulit
769 1732 864 1795 Aldus
877 1752 945 1792 cnm
959 1734 990 1793 P.
1009 1730 1147 1809 Manurio
1165 1728 1233 1803 rit,
1253 1731 1355 1791 Rern.
1378 1762 1379 1765 =

324 1807 511 1889 lselicianns,
538 1815 591 1894 qni
614 1810 672 1875 fnit
691 1814 783 1877 horno
804 1814 1030 1885 accuratissimus
1054 1832 1085 1874 et
1098 1810 1356 1954 dilsilgdntislrmns,

319 1895 439 1958 deinde
459 1898 552 1959 Dion.
572 1898 752 1979 Lambinus,
781 1898 979 1977 omniumque
1000 1895 1136 1958 laboriosi
1159 1916 1235 1955 rmus
1258 1896 1356 1955 Hier.

323 1977 469 2055 Wolfins,
491 1980 575 2041 cuins
590 1970 727 2042 editione
741 1996 817 2043 rtor.
858 1981 900 2043 Hi
913 1980 988 2043 mihi
1010 1998 1134 2041 ornnem
1147 1976 1246 2052 islam,
1268 1998 1360 2055 qnae
1378 2012 1379 2049 t

321 2064 359 2126 in
379 2062 480 2125 medio
501 2062 630 2137 iacebat,
659 2062 781 2125 laudern
806 2062 872 2127 fere
887 2064 1118 2144 praeripuerunt
1123 2083 1133 2131 ,-
1155 2062 1379 2139 reliquerunt]

313 2143 448 2207 »arduam
474 2145 557 2207 istam
578 2148 787 2222 prouinciam,
822 2140 857 2206 sc.
878 2164 909 2207 rt
931 2166 1036 2208 eorum
1059 2145 1182 2205 demum
1205 2160 1236 2204 et
1258 2142 1359 2203 indn-

325 2226 416 2289 sltiae
429 2224 613 2291 etsolertiae
625 2228 741 2309 aliquid
763 2226 920 2303 adderem,
943 2228 1025 2311 quod
1037 2228 1180 2291 ledotem
1193 2226 1359 2287 eruditum
1378 2254 1379 2297 ς

322 2313 494 2391 promereri
508 2327 636 2393 poterat.
1087 2305 1090 2317 '

1378 2400 1379 2427 l

387 2472 545 2535 Editionec
568 2475 662 2555 igitur
678 2472 747 2537 istas
768 2476 854 2539 binas
878 2498 895 2538 a
918 2476 1079 2548 Manutiis,
1108 2474 1225 2535 tertiam
1242 2466 1379 2541 areli-l

322 2555 412 2617 tiano
437 2570 644 2636 procuratam,
679 2578 802 2621 necnon
825 2561 1008 2621 luculentam
1036 2558 1118 2617 illam
1139 2574 1379 2636 ornatamque,

322 2632 393 2712 seda
414 2638 496 2717 qnod
511 2639 679 2702 dolendum
694 2642 752 2717 esl,
779 2643 878 2705 minuc
891 2660 1026 2703 accurate
1041 2636 1225 2718 imprellim,
1255 2658 1358 2719 qnam
1378 2636 1379 2699 l

295 2770 299 2797 ,
324 2720 717 2801 excuderuntParisrenses,
746 2745 837 2805 opera
861 2726 1039 2805 potissimum
1065 2726 1105 2785 D.
1123 2723 1276 2796 lambini,
1300 2742 1379 2783 ens

322 2804 430 2882 vtique
438 2824 545 2867 omnes
559 2808 653 2868 verbo
669 2824 757 2889 tenus
773 2806 937 2888 diligenter
957 2825 988 2869 et
1009 2803 1132 2867 sollicite
1147 2804 1273 2867 excussi:
1299 2826 1359 2866 rre-
1378 2806 1379 2885 f

323 2885 428 2965 gleslis
444 2886 566 2962 duabus·
578 2892 792 2971 Hernagianis,
819 2910 943 2970 quarum
966 2910 1055 2951 unam
1076 2908 1115 2949 ex
1127 2888 1255 2963 Aldina,
1275 2890 1379 2949 alte-

172 2982 185 2997 ‘
216 2978 237 3041 ζ’
323 2978 390 3029 rant
405 2988 443 3029 ex
462 2972 581 3032 Veneta
594 2972 751 3054 Feliciani,
782 2972 965 3035 clandestino
986 2971 1109 3035 confido
1123 2970 1256 3051 deriuari
1268 2990 1358 3032 corn-

217 3067 221 3077 ¹
320 3052 410 3129 peri·
441 3056 614 3115 Proximum
634 3073 719 3130 erat,
746 3073 778 3117 vt
800 3054 899 3117 Cotld.
916 3056 1071 3127 MStorum
1091 3074 1182 3135 opem
1206 3055 1358 3134 implora-

322 3150 407 3197 rem:
437 3149 511 3215 quot
531 3139 677 3199 autemii
720 3141 865 3217 nalesque
886 3136 1021 3214 l'nerint,
1050 3136 1358 3217 quosrelprecibns

321 3215 374 3275 vel
395 3219 490 3296 gratia
508 3216 650 3280 hedenus
671 3159 816 3282 adripere
835 3238 986 3300 poteram,
1021 3218 1231 3300 deprehendet
1248 3220 1358 3282 bonus
1378 3250 1379 3293 1

321 3296 418 3358 ledor
437 3321 475 3361 err
496 3294 611 3381 sylloge
631 3302 686 3364 islo
709 3302 770 3365 stne
790 3306 940 3385 catalogo,
967 3324 1057 3385 quem
1078 3304 1147 3365 huic
1169 3304 1361 3365 allocutioni
1378 3356 1379 3359 ,

287 3386 292 3403 ¹
322 3374 445 3449 subieci.
488 3385 579 3444 Porro
594 3404 697 3465 neque
710 3386 952 3449 contemnendae
969 3404 1055 3449 eraut
1069 3387 1358 3471 interpretationes,
1378 3402 1379 3439 r

211 3522 214 3526 ,
267 3521 271 3542 ,
320 3460 387 3525 iine
411 3463 536 3546 pristino
561 3468 724 3529 latinorum
745 3464 903 3543 sermone,
931 3468 992 3531 stne
1013 3470 1255 3541 recentioribus,
1288 3460 1379 3547 qui-J

320 3542 379 3606 bns
395 3547 488 3609 hodie
504 3550 631 3624 vtimur,
643 3574 670 3613 ..a
682 3554 772 3613 variis
788 3552 995 3615 concinnatae.
1018 3554 1092 3631 ,Eas
1116 3552 1217 3617 antem
1231 3552 1358 3631 duplici
1378 3576 1379 3581 ¹

322 3626 447 3717 consiliu
461 3633 660 3707 eunlnebam,
679 3654 749 3695 curn
764 3652 795 3695 rt
811 3654 914 3695 aarum
931 3636 1104 3699 ansiorirate
1119 3652 1236 3707 motus,
1256 3634 1359 3697 adnn-
1378 3660 1379 3691 r

248 3747 252 3755 ·
320 3726 426 3787 tarem,
440 3713 461 3775 st
474 3714 595 3794 qnando
610 3718 643 3778 in
660 3716 807 3799 rettendo
829 3718 928 3779 minus
942 3714 1073 3781 feliciter
1085 3718 1208 3781 tederet
1224 3716 1358 3791 Wolsio,
1378 3740 1379 3781 r

321 3794 376 3872 qui
397 3813 498 3856 rarnen
518 3779 603 3861 islam
624 3802 811 3879 prouinciam
832 3797 971 3880 improbo
994 3802 1119 3876 labore„
1157 3820 1215 3861 nec
1236 3801 1358 3862 minori
1378 3784 1379 3855 l

319 3874 412 3941 lande
425 3878 658 3964 adnrinistrapit:
671 3901 744 3943 tum
761 3901 792 3943 rt
806 3885 963 3945 veritatem
976 3884 1111 3945 leslionis
1136 3884 1168 3944 in
1185 3900 1272 3945 textu
1290 3886 1358 3945 De-

246 4036 249 4046 ·
318 3959 507 4025 mosthenico
524 3962 604 4030 sucre
615 3962 739 4029 sottnna
752 3966 894 4029 elicerem
899 3989 910 4042 5
935 3966 1083 4048 srquidem
1100 3968 1292 4048 antiquiores
1308 3969 1357 4029 in-
1378 4016 1379 4021 1

1141 4076 1145 4087 ·
1194 4064 1379 4131 terpretes]
