2917 4742
119 356 190 429 an
222 324 697 454 svvr'rorst'osrrr.
723 328 994 428 enarrer.
1033 352 1146 451 ’πη
1222 388 1226 395 -

117 562 159 613 eu,
175 558 261 621 quae
274 512 393 601 in'hnita
404 498 480 616 suht,
494 524 621 603 ihsantia
634 558 702 602 mea
717 552 844 602 conetur
857 532 1016 619 persequi)
1031 540 1143 602 cauus·
1208 528 1212 536 ¹
1233 549 1236 555 “
1327 594 1330 601 ,

117 643 188 683 nem
211 638 247 683 et
267 622 475 705 purulentiam,
495 642 563 689 cunr
576 625 651 765 pari
670 625 833 687 autoritate
851 640 882 683 et
902 618 1059 685 seueritate
1072 642 1153 684 con*

117 707 268 779 iunslara,
302 704 484 780 confideret,
520 726 575 786 per
587 708 691 787 piciat,
721 706 900 767 admiretur:
937 721 978 766 eo
994 721 1145 785 quantum
1191 714 1199 741 ¹

119 790 251 867 quisque
265 787 384 849 rinhus
405 789 522 869 ingenii
542 807 574 851 et
592 789 768 867 diligentiae
778 786 904 851 subsidio
919 783 1062 867 consequi
1077 784 1142 868 pos·

117 870 163 945 sit,
182 870 337 935 imitetur.
380 868 472 946 Quod
485 869 507 932 fi
522 870 728 933 honestissimis
747 872 812 933 eius
828 868 954 932 consiliis
976 873 1026 933 vel
1044 870 1146 932 homi·

118 974 190 1015 nurn
207 951 400 1033 peruersitas,
421 956 469 1015 vel
483 952 580 1016 satalis
593 956 693 1035 aliqua
708 954 858 1015 calamitas
874 952 1001 1026 obstitit,
1023 972 1061 1013 eo
1074 970 1144 1041 pro·

116 1035 191 1100 fedo
210 1036 342 1097 nomine
356 1035 614 1099 commiseratione
628 1037 749 1117 dignior
762 1036 812 1111 est,
833 1054 923 1115 quam
935 1030 1147 1099 infestatione:

118 1137 148 1181 et
163 1120 212 1193 iis,
226 1118 284 1199 qui
298 1136 382 1181 tanto
395 1116 587 1200 sapientiora
600 1121 655 1182 illo
672 1120 768 1182 rideri
782 1120 898 1193 volunt,
918 1118 1145 1195 elaborandum,

122 1219 151 1263 et
170 1200 254 1265 rutis
279 1221 297 1261 a
317 1202 388 1263 Deo
410 1204 633 1285 exoptandum,
652 1220 685 1267 ut
699 1202 756 1264 smt
769 1222 807 1263 eo
819 1200 1044 1265 fortunatiores.
1084 1200 1149 1265 Sed

121 1286 200 1347 stad
217 1302 288 1345 retu
303 1284 433 1361 redeam,
451 1287 504 1367 qui
517 1288 577 1360 illa,
592 1305 669 1369 qrae
684 1282 828 1361 recensui,
842 1285 893 1347 vel
905 1284 937 1345 in
954 1304 1012 1345 vna
1025 1282 1148 1365 praesti·

122 1370 189 1430 terit
204 1368 366 1443 oratione,
384 1368 454 1430 huic
468 1368 588 1431 abunde
600 1368 735 1432 laudatus
759 1370 817 1430 erit
837 1364 1074 1443 Demosthenes,
1094 1366 1149 1431 du-
1177 1416 1189 1425 .

121 1450 263 1526 mastico,
284 1472 349 1513 nou
362 1452 463 1513 alieno
500 1454 651 1515 meconio.
692 1455 770 1514 Nam
783 1450 834 1513 vbi
850 1448 1019 1513 testimonia
1042 1466 1146 1512 rerum

123 1530 246 1609 adsunt,
275 1534 348 1614 quid
363 1545 437 1615 epus
450 1474 497 1595 ess
512 1537 623 1597 verbis.
669 1537 708 1597 lit'
725 1534 801 1596 haec
822 1534 925 1595 omnia
943 1534 1040 1595 multo
1054 1548 1148 1598 erunt

122 1615 318 1679 euidentiora
341 1634 372 1679 et
393 1618 571 1696 expressiora
591 1620 706 1697 legenti
719 1636 841 1697 graeca,
860 1618 893 1677 in
915 1616 1023 1695 quibus
1044 1618 1147 1684 elucet

123 1703 222 1762 Attica
242 1700 298 1760 illa
319 1696 486 1761 sinceritas:
507 1720 598 1781 quam
618 1720 675 1763 nec
691 1700 799 1764 Cicero
818 1696 1008 1781 expresserit,
1028 1699 1145 1761 nedum

122 1784 213 1845 homo
239 1778 389 1863 quispiam
410 1778 602 1847 semilatinus.
654 1780 745 1857 Quod
766 1800 839 1844 vero
863 1782 901 1845 ad
926 1777 1145 1844 sententiarum

123 1867 286 1929 ueritatem
300 1883 332 1926 et
343 1884 518 1946 germanam
538 1866 772 1947 intelligentiam
793 1866 917 1939 attinet,
934 1862 1030 1926 lidenr
1052 1874 1090 1927 eu
1103 1866 1151 1927 iu·
1249 1860 1262 1885 ²

123 1949 268 2012 dustriam
290 1967 390 2009 meatu
409 1944 495 2029 spero
517 1968 568 2011 me
589 1950 729 2012 omnibus
751 1949 1067 2029 graecaelatinaeque
1092 1949 1151 2009 lin·

124 2052 198 2115 guae
244 2030 330 2091 eritis
351 2033 555 2113 probaturum.
598 2028 690 2103 Quod
712 2031 734 2095 li
758 2034 805 2093 cui
826 2026 923 2112 gehus
942 2028 1152 2093 oratioriisals·

126 2116 191 2176 cubi
212 2054 347 2179 tserilius
367 2114 533 2190 videbitur,
553 2132 585 2177 et
605 2115 727 2191 exilius,
758 2114 782 2176 is
798 2117 909 2197 cogitet
924 2116 1031 2191 uelim,
1051 2110 1151 2193 ipsum

125 2196 368 2260 Demosthenem
382 2199 450 2278 plus
464 2196 576 2259 babere
591 2199 696 2259 ossium
716 2214 747 2260 et
767 2216 949 2273 neruorum,
974 2216 1063 2275 quam
1086 2194 1150 2259 san·

127 2282 226 2363 guinis
244 2280 403 2341 et-carnis.
450 2280 492 2342 Vt
512 2280 605 2365 igitur
622 2282 674 2341 illa
693 2267 852 2357 (visentes
872 2277 1015 2358 quidem)
1034 2281 1063 2341 ei
1084 2290 1151 2343 non
1181 2334 1185 2345 „

128 2364 333 2437 detraximus,
353 2364 395 2424 ita
407 2360 480 2424 haec
494 2363 605 2426 addere
617 2384 681 2425 uon
695 2362 788 2426 suerit
803 2354 985 2444 interpretis,
1005 2357 1055 2425 sed
1069 2382 1154 2445 para·

128 2445 282 2529 phrasin,
300 2441 353 2507 suo
367 2446 509 2508 arbitratu
525 2447 729 2508 declamantis.
772 2444 882 2507 Cicero
905 2440 1093 2523 prusenus
1114 2446 1146 2507 ei

129 2528 231 2591 causae
255 2528 382 2592 eaedem
402 2530 537 2612 agundae
559 2526 696 2603 suifl‘ent,
716 2532 810 2608 lunge
831 2528 935 2607 vtique
949 2528 981 2587 in
997 2529 1154 2605 plerisque

128 2616 277 2674 maiorem
292 2630 465 2693 apparatum
479 2612 641 2674 verborum
656 2606 848 2674 adhibuisset:
876 2626 907 2671 et
921 2629 1001 2690 quae
1015 2630 1032 2671 a
1048 2610 1152 2673 nostro
1204 2615 1214 2625 “

132 2714 239 2757 autore
254 2693 386 2757 indicata
400 2690 467 2757 sunt
481 2696 603 2758 breuius
619 2712 650 2757 et
669 2695 832 2769 occultius,
854 2692 984 2754 dicendo
1005 2685 1155 2755 extendisa

130 2774 170 2839 set
191 2795 225 2840 et
245 2774 424 2839 illustrasset.
470 2775 561 2849 Quod
583 2800 622 2839 an
642 2780 675 2840 in
697 2776 893 2839 conuerhone
909 2776 1078 2837 orationum
1092 2778 1170 2838 Dea.

134 2860 301 2922 moslberris
316 2875 348 2922 et
362 2857 521 2923 Aeschinis
542 2862 624 2923 inter
644 2858 675 2922 se
694 2860 908 2922 contrariarum
928 2856 982 2919 libi
1002 2855 1160 2939 permissor

123 2942 179 3005 'rus
194 2942 306 3017 suerit,
327 2943 470 3023 equidem
485 2940 594 3005 nescio.
634 2944 694 3005 Sed
708 2942 727 3005 st
742 2960 800 3016 ,eas
823 2943 975 3003 ocutiones
991 2943 1152 3019 conuertit,

133 3024 214 3106 (qua
225 3024 267 3087 de
282 3044 317 3087 re
327 3027 474 3106 quosdam
490 3046 592 3089 acutos
606 3024 747 3087 homines
762 3029 824 3086 nori
840 3026 964 3087 omnino
984 3023 1047 3087 fine
1068 3020 1153 3089 causa

136 3109 274 3171 dubitare
288 3106 402 3184 video)
417 3130 483 3171 earn
497 3111 645 3173 rationem
660 3108 739 3171 baud
752 3108 844 3169 dubie
856 3104 970 3169 secutus
986 3107 1042 3184 esl,
1062 3124 1153 3190 quam

135 3188 316 3266 suff-&secutum
337 3188 397 3274 esse
416 3191 584 3273 profitetur.
622 3198 727 3272 Atque
746 3192 859 3252 vtinam
880 3188 1007 3253 exstaiet
1019 3194 1070 3255 illa
1086 3207 1159 3253 cort·

137 3274 246 3337 terso:
267 3292 360 3355 quae,
381 3278 573 3354 quantumuis
587 3276 711 3357 elegans
725 3271 826 3347 suerit,
846 3275 938 3335 talem
950 3271 1037 3336 suisse
1051 3291 1155 3336 tamen
1185 3337 1187 3344 ,
1205 3282 1225 3311 “’

137 3352 203 3418 non‘
219 3374 311 3437 puto,
330 3360 552 3420 vastationem
572 3379 627 3440 pro
640 3358 760 3419 Milone
774 3358 879 3436 legere
897 3376 963 3417 non
984 3360 1153 3421 mallemus.

139 3440 186 3503 Est
202 3439 449 3503 eninr'durislrma
463 3442 635 3521 prouincia,
653 3440 766 3522 peslori
780 3441 881 3501 altero
893 3454 1027 3515 tuumne
1042 3458 1157 3502 aecum·
1236 3513 1239 3522 Ι
1297 3480 1301 3493 =

142 3522 280 3599 nodare,
313 3540 347 3583 ac
373 3526 439 3585 eius
460 3522 629 3587 ‘sententias
655 3525 715 3586 ruis
737 3522 836 3583 verbis
859 3536 891 3583 et
912 3520 978 3603 slilo
999 3521 1148 3604 persequi.

141 3606 232 3679 Quod
253 3601 370 3686 inipso
390 3625 568 3689 argumento
588 3604 652 3671 adr*
664 3600 839 3669 ἀντιπάλων
857 3599 954 3689 λέγων
975 3606 1158 3688 explicando

140 3686 267 3767 (inquo
282 3684 381 3749 nescio
404 3711 465 3768 quo
485 3690 576 3752 modo
596 3690 687 3752 disiio
706 3684 765 3750 else
786 3686 913 3748 sierilior
933 3684 1074 3766 ridetur)
1093 3686 1156 3771 lpse
1207 3672 1211 3697 ¹
1240 3726 1242 3731 ,

145 3772 249 3833 Cicero
267 3790 330 3831 non
346 3770 524 3835 dissimulat:
551 3796 567 3834 a
581 3778 665 3835 cuius
679 3769 829 3833 rationesr
844 3788 911 3833 mea
934 3774 1062 3838 multum
1083 3772 1159 3835 diss·

146 3853 243 3929 deblt,
261 3853 292 3915 id
306 3858 364 3915 etit
379 3876 441 3917 non
456 3856 619 3931 voluntati,
638 3852 687 3916 sed
700 3854 898 3916 imbecillitati
911 3872 1007 3930 meae,
1028 3876 1059 3921 et
1073 3870 1159 3918 occu·

147 3938 316 4016 petionibus
338 3954 370 3999 et
388 3937 574 4001 festinationi
595 3936 887 4017 tribuendum,'per
909 3956 999 4016 quarn
1017 3938 1163 4003 satissime
1230 3948 1232 3955 '

151 4016 249 4095 fian
263 4020 430 4087 ab'autorts
441 4018 606 4122 lanternis,
625 4020 742 4103 tametsi
755 4040 819 4111 qun
838 4020 977 4101 aberres,
995 4028 1028 4089 in
1049 4026 1165 4107 graecis

269 4130 274 4149 ¹
426 4126 429 4129 ’
589 4119 597 4137 ¹
1065 4122 1170 4170 samen
