2917 4742
102 369 158 440 ro
183 323 333 440 svvs'l
368 365 654 480 uastosrrr.
683 308 965 448 bassaris]
1014 326 1151 471 ''14ss

106 546 234 612 lescenrer
255 547 308 628 (id
320 550 410 628 ouod
433 567 554 632 regum,
573 564 605 612 et
623 547 810 630 principum,
830 567 862 613 et
874 549 1108 614 ciuitatumnnt·

103 655 148 696 nus
161 629 221 722 est)
243 635 305 696 tuis
324 629 468 696 sumtibus
488 649 551 694 non
567 631 709 694 modoin.
718 635 895 708 Germania,
922 627 974 696 sed
987 636 1020 696 in
1034 635 1112 698 Gali
1138 653 1142 660 ’

106 717 259 793 liberium,
280 733 311 780 et
325 719 426 796 ltalia,
445 718 581 796 benigne
595 713 682 778 foues
702 733 735 780 er
751 712 910 791 sustentas,
933 716 1005 802 duur
1026 713 1104 780 suro·

105 817 175 860 nrum
195 799 346 862 dosirinae
367 801 492 882 gradum
508 795 708 879 assequantur.
748 801 784 860 In
798 820 860 879 quo
873 798 1103 866 laudatissimum
1173 848 1177 858 .

105 884 263 962 exemplum
277 879 413 942 Rmandr'
425 885 531 965 patris,
549 899 580 944 et
596 879 714 940 Ausonii
734 883 833 963 patrui
854 884 922 957 tui,
933 883 1101 946 clarissimo·

102 985 156 1026 rum
169 967 315 1041 virorum,
336 963 486 1048 sapienter
500 963 641 1026 imitaris:
662 966 715 1046 qui
736 981 856 1045 praeter
876 982 994 1030 caetera
1013 987 1102 1029 orna·

101 1067 203 1124 neura,
223 1049 332 1130 quibus
347 1049 478 1111 abu'ndar
491 1047 690 1110 honestissima
704 1046 799 1109 vestra
810 1045 931 1121 similia,
949 1050 1103 1112 immoni*

101 1131 150 1191 ten
162 1151 195 1192 ea
208 1151 241 1193 re
255 1134 384 1212 gloriam
394 1131 449 1196 sibi
464 1149 659 1213 pepererunt.
699 1135 770 1202 Non
788 1133 873 1192 enim
885 1132 1021 1212 ingratae
1034 1129 1105 1198 sunt

102 1209 203 1290 musae,
222 1235 393 1296 quanquam
408 1215 501 1280 orbae
516 1232 547 1276 et
559 1215 713 1277 indotatae
728 1215 850 1297 puellae
865 1214 1031 1277 videantur.
1052 1217 1104 1278 vel
1181 1239 1185 1249 ¹

99 1295 249 1360 iulrorrbus
271 1299 321 1359 vel
341 1299 474 1380 patronis
493 1294 566 1374 suis,
597 1293 815 1378 sedrtrosque
834 1293 959 1360 honesta
975 1295 1054 1360 hura
1068 1315 1102 1362 et
1205 1317 1210 1324 ·
1286 1301 1290 1310 '

98 1383 213 1444 nominis
229 1385 375 1444 memoria
388 1377 570 1464 sempiterna
582 1397 824 1444 remunerantur.
865 1377 953 1451 Quae
967 1399 1102 1460 praemia

100 1465 140 1542 qui
152 1467 340 1541 ¹rorstemnit,
358 1483 409 1528 aut
429 1467 515 1548 parui
532 1462 618 1540 iacit,
641 1484 713 1528 eum
737 1481 789 1526 aut
809 1459 985 1526 celsitudine
1002 1462 1098 1527 animi
1205 1535 1209 1545 ,

98 1545 153 1606 Deo
167 1546 356 1626 simillimum,
369 1567 420 1612 aot
433 1548 655 1611 abiesliffimum
668 1547 824 1608 bominem
839 1543 900 1608 else
912 1543 1032 1610 neeesse
1046 1543 1100 1610 est.

97 1629 281 1711 sicquidem
301 1633 335 1693 in
355 1633 457 1694 multis
478 1629 693 1708 incommodis,
714 1649 757 1692 ,et
775 1629 915 1710 malignis
934 1629 1102 1708 industriae

97 1731 167 1776 nete
179 1736 212 1778 ae
226 1711 340 1780 miseris
355 1716 504 1795 praemiis,
521 1718 704 1796 nonlpatum
718 1711 765 1790 (st
777 1713 923 1794 ingenue,
936 1713 1019 1792 quod
1032 1709 1107 1775 sen·-

100 1799 140 1872 tio,
152 1797 267 1880 sareas)
282 1793 451 1862 consolatur
465 1795 541 1882 spes,
556 1798 637 1880 quod
650 1796 737 1861 valde
750 1789 878 1876 suspicor
890 1793 965 1871 sore,
979 1794 1022 1872 (li
1035 1817 1097 1878 qua
1176 1859 1182 1871 ,
1260 1853 1264 1860 .

100 1881 175 1942 nodo
195 1881 271 1945 fider
298 1882 380 1946 alliis
407 1881 472 1958 eil)
500 1901 532 1945 rt
556 1884 647 1944 etiam
674 1875 740 1959 pori
766 1878 884 1940 obitum
901 1897 952 1942 me
971 1876 1102 1942 honeste

98 1961 186 2027 vixisse
199 1959 351 2048 app'arear,
371 1961 402 2030 et
417 1987 480 2032 non
497 1959 668 2047 transegisse
683 1966 774 2026 mam
788 1959 805 2038 (
813 1980 844 2023 vt
855 1957 985 2024 Sallristii
1000 1964 1103 2026 verbis

96 2045 164 2122 star)
178 2063 265 2111 more
279 2051 419 2130 pecudis:
440 2043 491 2115 sed
503 2069 610 2112 eorurn
622 2049 791 2120 bonorum,
810 2065 889 2125 quae
908 2045 942 2106 in
961 2046 1024 2108 rita
1042 2045 1098 2108 bu·
1209 2079 1216 2084 ·

98 2149 168 2192 nana
179 2134 341 2214 praecipua
356 2128 438 2208 sunt,
458 2131 532 2210 (etsr
552 2133 586 2193 in
605 2127 788 2210 assequendo
799 2124 952 2190 fortunam
965 2128 1096 2192 habeam

96 2233 184 2292 patum
203 2214 397 2298 propitiam)
417 2215 534 2278 virtutis
558 2232 589 2277 et
611 2209 788 2295 sapientiae,
815 2207 902 2272 fuisse
923 2207 1106 2288 ihdiosnm„

97 2295 171 2370 Quod
185 2295 206 2362 si
221 2319 288 2362 rem
302 2319 372 2363 vere
386 2299 622 2381 consideremus,
641 2297 780 2362 homines
801 2294 912 2356 eruditi
931 2291 1037 2376 (quod
1057 2285 1099 2373 ad
1157 2354 1161 2366 ,
1219 2350 1224 2367 ,

95 2375 156 2440 bane
170 2383 296 2461 quidem
311 2387 388 2448 virae
403 2401 519 2463 partem
533 2379 660 2456 attinet)
674 2375 857 2442 summorum
877 2379 1096 2459 etiam-regum

96 2468 248 2538 lotentiam
263 2462 416 2546 superant:
442 2485 570 2546 quorum
584 2465 682 2526 omnis
704 2461 866 2542 memoria,
890 2459 945 2522 nifi
964 2461 1097 2524 adodis

92 2549 323 2632 ,telebrarentttn
343 2571 403 2612 vno
417 2552 552 2629 alterode
566 2548 604 2612 ad
618 2545 765 2610 sumtuum
776 2544 877 2625 seculo
892 2543 1029 2606 fonditus
1050 2545 1097 2606 itt·
1179 2575 1187 2584 ·

94 2631 188 2694 orirer.
230 2631 440 2706 Quamobrem
461 2635 611 2712 praeclare
632 2629 791 2708 Virgilius:
813 2627 935 2688 Viuitur
954 2627 987 2688 in
1030 2629 1093 2704 nio,
1145 2671 1150 2683 ,

91 2727 189 2776 uetera
209 2717 317 2776 mortis
337 2736 436 2784 erunt.
472 2713 672 2776 Laudabiliter
685 2713 776 2774 etiam
789 2727 839 2784 tu,
858 2705 974 2768 loannes
1003 2705 1096 2782 stole,
1220 2726 1226 2730 ·

95 2813 165 2874 atque
181 2797 260 2860 adeo
276 2801 374 2860 omnis
389 2796 619 2878 splendidissima
632 2791 797 2876 foggirorra
812 2790 941 2867 familia,
956 2793 1010 2872 qui
1024 2813 1092 2855 non
1133 2807 1137 2817 “

94 2883 211 2944 uirenti
225 2883 352 2942 caeteris
367 2882 570 2955 ornamentis,
588 2875 702 2941 stiunt
719 2874 913 2956 amplissimae
931 2895 1006 2954 opes
1025 2893 1092 2937 toto

93 2975 219 3026 terrorum
233 2965 309 3026 orbe
324 2965 469 3039 celebres,
489 2963 649 3025 affinitates
663 2960 801 3034 illustres,
814 2953 997 3020 summorum
1011 2960 1095 3039 priu-

95 3044 175 3122 dpum
193 3047 359 3124 anricitiae,
380 3067 470 3128 atque
490 3046 569 3126 apud
587 3047 655 3108 illos
677 3045 745 3106 ralis
767 3042 922 3116 autoritas,
938 3059 970 3103 vt
985 3061 1039 3102 ros
1052 3039 1093 3103 ad
1180 3049 1183 3054 “

94 3131 309 3204 grauissimarum
325 3151 425 3192 rerunt
441 3130 673 3204 deliberationes
688 3125 859 3199 adhibeant,
874 3142 954 3202 quae
967 3121 1094 3187 fortuna
1203 3141 1206 3149 ·

95 3211 159 3272 robis
172 3215 281 3294 largita
295 3211 352 3288 esi,
371 3209 462 3276 solida
476 3214 567 3276 eriam
581 3229 612 3274 er
626 3209 788 3290 peculiaria
807 3205 903 3268 vestra
919 3206 1001 3271 bona
1021 3227 1094 3269 con·

94 3287 220 3374 iungaris,
249 3296 392 3358 virtutem
414 3313 445 3358 et
463 3292 653 3384 sapientiam:
674 3311 776 3372 neque
790 3289 892 3350 dollos
905 3286 1035 3352 fouentis
1049 3285 1094 3352 lo-

91 3371 148 3450 hm,
168 3375 218 3442 sed
232 3397 300 3444 tum
310 3379 364 3460 ipsr
377 3379 551 3444 eruditione
566 3379 704 3450 floreatis
723 3394 788 3436 tum
800 3373 912 3435 liberos
926 3372 1039 3435 seliros
1051 3371 1090 3436 sb

91 3455 203 3524 ineunte
233 3481 332 3526 aetate
353 3463 520 3524 liberaliter
546 3459 659 3524 institui
681 3459 809 3520 curetis:
840 3472 872 3516 vt
888 3457 1029 3518 omnibus
1054 3472 1093 3543 er

91 3544 167 3612 nini
182 3563 214 3608 et
229 3543 372 3611 fortunae
385 3547 473 3608 bonis
489 3545 633 3606 cumulati
653 3541 728 3606 stnts
752 3559 783 3602 et
803 3537 931 3601 homine
946 3537 1090 3624 prudenti

91 3631 200 3690 ussine
214 3629 338 3709 dignam
352 3629 609 3699 moderationem,
629 3645 688 3707 qua
703 3645 764 3686 sna
774 3638 806 3684 er
818 3621 881 3682 Dei
899 3635 931 3682 et
948 3619 1093 3684 fortunae

92 3723 113 3766 u
130 3709 284 3775 bominum
303 3713 390 3776 sauot
409 3729 475 3775 tum
496 3729 631 3793 paratur,
665 3726 731 3770 tunt
751 3701 959 3778 conseruntur,
990 3703 1089 3768 vestro

91 3797 216 3874 exemplo
232 3791 391 3858 discantur
406 3797 571 3858 retineant:
590 3811 622 3855 et
636 3791 690 3854 hac
704 3794 766 3866 sira
779 3788 816 3850 lic
828 3803 1007 3883 stantunst
1021 3788 1091 3852 ber-
1210 3852 1213 3866 ,

91 3879 365 3942 ueinrmortsliratis
379 3875 586 3958 spemltabere
600 3876 716 3957 possint.
764 3873 853 3946 Quae
871 3889 941 3932 cuar
959 3887 1002 3933 rra
1022 3869 1088 3948 lint,
1206 3872 1212 3882 '

91 3961 199 4022 omnino
213 3962 292 4026 mihi
304 3957 480 4042 persuadeo,
503 3963 549 4024 vir
562 3959 751 4030 orrratilirme,
770 3974 801 4017 te
815 3953 988 4016 meamhoc
999 3973 1087 4033 opus,
1129 3983 1136 3998 ·
1260 3981 1264 3989 ·

91 4043 292 4146 hgrronssudio
304 4066 340 4110 to
352 4047 457 4110 labore
471 4043 630 4127 (qtu'squis
643 4042 768 4106 tandem
781 4037 816 4104 lit
833 4053 982 4116 eamus,
996 4057 1095 4183 qm
