2917 4742
125 330 193 401 tn
223 328 382 415 svvnt
417 308 709 403 uentosr‘tr:
740 325 998 437 erretur.
1053 346 1151 423 ιη,

126 528 192 585 tet,
211 529 289 573 narn
310 508 343 571 id
362 508 456 572 bodie
470 532 533 574 non
549 507 709 587 sentimur)
734 508 863 573 studium
875 528 908 575 et
921 510 982 573 orit
996 506 1158 575 confimat
1179 545 1184 556 ι
1217 514 1220 525 “

125 596 166 657 tio
182 612 259 673 apte
274 593 439 655 eterudite
454 592 698 673 pronunciando,
718 590 859 673 consequi
872 588 1021 674 potuisset.
1198 592 1200 599 ’
1229 596 1233 605 “

208 678 294 736 Eum
311 692 348 737 rt
369 676 407 737 ad
427 680 475 739 Te
495 678 674 757 potissumum
694 676 862 753 deferrem,
880 678 935 739 Vir
956 672 1151 751 Nobilislime,
1278 714 1281 723 ·

125 756 218 819 nobie
233 757 400 821 felicissme
413 758 506 835 cessit,
526 761 609 840 qood
623 782 686 821 non
702 778 769 822 ntea
783 778 833 820 me
847 760 939 840 mugit
953 760 1091 821 voluntat
1104 757 1150 817 in·
1184 796 1185 803 κ

126 842 248 916 citaret,
262 860 355 920 quam
367 840 543 904 admoneret
557 844 676 921 publica
689 841 825 903 omniurn
841 832 1027 921 exspeltrtio.
1056 839 1150 907 -Efflo

126 917 428 1067 {2³¹9'3¹’,‡¹¹}¹⁰⁸m’
447 928 609 1069 poptgares
623 926 692 1022 lui,
707 942 739 987 vt
753 922 949 1068 proflireristte
964 942 1064 1067 9¹?OE
1077 927 1147 1067 'speo

128 1026 921 1171 ,missili{stillulis-2¹⁰5&
934 1026 1070 1153 lilii?
1084 1027 1173 1149 inb

129 1172 267 1233 tandum.
308 1176 496 1249 Voluerunt,
518 1192 550 1237 rt
562 1170 648 1249 effer,
667 1177 766 1253 aliqua
778 1169 881 1234 saltem
893 1191 931 1233 ex
946 1188 1045 1252 parte,
1066 1173 1149 1234 locut

128 1258 219 1317 Tuae
232 1250 426 1317 sollicitudini
441 1256 473 1317 in
491 1276 528 1319 eo
543 1259 662 1319 ardore
676 1255 813 1329 edendo,
839 1254 1092 1335 quemomnibur
1112 1254 1149 1315 iit
1227 1312 1238 1323 ,

128 1337 310 1413 virtutibus,
328 1356 407 1417 quae
421 1341 541 1401 ciuilem
556 1340 711 1401 hominem
731 1336 858 1413 decent,
879 1356 969 1417 quem
993 1337 1087 1417 gralia
1106 1336 1150 1397 di-

131 1420 242 1495 cendi,
260 1419 449 1485 confiliomm
464 1424 625 1503 grauitate,
643 1422 815 1485 incredibili
835 1419 932 1483 studio
953 1420 1029 1500 reip·
1048 1436 1080 1482 et
1100 1437 1122 1501 g

131 1524 210 1565 nere
224 1505 384 1580 orationis,
401 1522 497 1566 totum
519 1504 669 1567 effinxilli.
1108 1526 1112 1537 ·

213 1586 346 1647 Proinde
358 1589 468 1649 metito
481 1588 664 1667 gaudebam,
684 1606 754 1667 eum
769 1586 898 1651 maxime
912 1578 1055 1647 exsomni
1076 1582 1152 1645 anti·

131 1668 250 1746 quitate
263 1668 300 1729 ad
314 1668 390 1731 hanc
402 1669 531 1732 nostram
544 1689 681 1744 aetatem,
696 1688 855 1749 meamque
869 1688 992 1749 operam
1006 1662 1151 1732 reseruari
1186 1666 1187 1676 ’

131 1751 361 1831 expoliendum.
403 1750 497 1815 Cuius
510 1755 675 1835 euolgandi
687 1754 762 1815 tatio
776 1770 835 1815 tam
853 1752 1004 1833 propriam
1017 1748 1095 1821 Jribi
1116 1763 1149 1813 et

129 1836 315 1912 peculiarem
330 1836 407 1897 banc
420 1835 550 1899 nostram
562 1836 818 1917 nuncupationem
829 1834 911 1909 lecit,
931 1852 1021 1913 quam
1032 1831 1150 1896 diutur-

129 1919 164 1976 ni
184 1919 346 1997 temporitj
354 1913 419 1981 rsus
438 1918 605 1983 istiusmodi
617 1918 895 1981 commendationes
911 1916 961 1979 vel
971 1930 1155 1979 communes

132 1999 248 2074 reddit,
267 2002 317 2062 rel
338 1995 513 2081 suspiciosas.
552 2003 635 2065 Nilril
656 2004 740 2065 enirn
763 1996 965 2075 assentationi,
984 1998 1062 2061 nibil
1078 2016 1149 2059 con·

130 2078 285 2145 suetudini
298 2083 401 2145 dotum
414 2086 452 2145 iri
465 2082 554 2148 sensi:
576 2084 652 2147 nihil
665 2086 707 2146 de
724 2088 766 2145 se
781 2084 822 2144 ita
837 2083 895 2145 dici
911 2077 999 2165 pesse,
1020 2097 1051 2142 vt
1065 2078 1148 2147 idem
1215 2140 1225 2157 ,

130 2166 207 2228 illud
222 2165 263 2227 de
276 2166 354 2240 alio,
363 2169 413 2229 rel
425 2168 459 2228 in
473 2168 536 2245 lttc,
550 2170 599 2230 rel
611 2170 644 2231 in
658 2170 748 2246 longa
762 2166 907 2227 maiorum
919 2163 1073 2237 memoria,
1090 2161 1151 2227 dici

131 2244 264 2329 potuisse
277 2248 446 2313 ridereturt
465 2268 582 2315 tantum
595 2268 697 2313 autent
710 2272 729 2311 a
742 2266 793 2311 me
813 2244 982 2327 exspeilare
1003 2246 1148 2309 orationi!
1257 2297 1261 2308 .

131 2331 336 2393 uecellitatem
345 2379 352 2407 ,
361 2344 518 2413 'quantum
530 2336 568 2399 ub
582 2335 648 2397 aliit
660 2329 800 2398 soletrel
814 2326 1150 2403 emendicaresortuna,

130 2415 507 2495 etexprimeteadulatio.
1132 2474 1140 2483 ,

216 2500 426 2577 Praeterquam
441 2520 523 2576 vero,
543 2500 624 2580 qnod
638 2498 778 2563 omnibus
792 2512 898 2557 notum
912 2492 956 2568 fit,
977 2495 1029 2573 qui
1042 2470 1147 2567 debu·

131 2581 216 2641 inste
230 2582 332 2722 {entis
344 2581 608 2663 laudibus·aliquid
622 2598 750 2681 norunt,
770 2596 920 2673 qnantum·
935 2575 1149 2673 nobilissimum

133 2658 1148 2825 {3223,librislilris-“llll,llllssril’llblm‘lll

136 2826 233 2903 tescit,
264 2846 383 2891 tantum
403 2850 475 2893 eum
491 2833 565 2895 Tibi
583 2830 703 2895 odserre
721 2826 882 2907 voluptatis
902 2824 936 2887 in
962 2821 1145 2905 euoluendo,

135 2930 281 2991 quantum
300 2914 424 2992 publice
442 2915 584 2979 adtulerit
603 2914 715 2977 fruens
737 2906 978 2972 admirandum
1019 2900 1152 2976 Quotiea

136 2998 182 3056 'se
195 2994 301 3057 audiui
322 2992 338 3071 (
345 2997 448 3063 audiui
461 3016 561 3061 autem
574 2992 810 3079 saeperromero)
831 2988 1005 3052 memoriter
1025 3007 1061 3051 ea
1082 2988 1149 3053 loca
1277 3044 1279 3051 ,
1309 3036 1315 3043 .

137 3072 307 3151 adducere,
319 3095 410 3159 prout
427 3077 571 3142 sermonis
592 3080 684 3141 noslri
704 3078 779 3139 ratio
798 3073 976 3156 postulabar,
997 3090 1075 3149 quae
1093 3071 1149 3137 ille
1269 3140 1274 3150 ,

135 3162 182 3221 rel
197 3158 351 3242 sapienter
363 3163 397 3222 itt
414 3160 497 3227 rsum
510 3160 631 3224 suorum
643 3162 756 3224 ciuium
769 3157 943 3231 eltborauit,
964 3155 1020 3215 rel.
1034 3155 1149 3233 magni·
1205 3232 1207 3245 Ι

135 3240 248 3307 licead
269 3243 456 3325 posterorum
475 3246 719 3319 admirationem,
743 3242 832 3305 toties
853 3243 901 3301 Te
920 3236 1045 3299 memini
1065 3256 1149 3331 tanta
1186 3236 1191 3245 ’

136 3347 201 3389 curn
214 3328 326 3408 gratia,
345 3343 427 3389 tanta
441 3332 507 3391 orie
518 3326 687 3404 suauitate,
702 3346 764 3389 tam
783 3324 938 3403 eleganter
956 3338 993 3381 ea
1013 3335 1148 3399 recitate,

135 3432 222 3492 quarn
236 3411 291 3471 ille
304 3405 450 3489 scripserit
467 3412 606 3474 selititer.
664 3444 668 3458 ν
748 3444 757 3479 ·,
890 3424 896 3435 “
1077 3454 1085 3463 -

212 3497 278 3556 lam
298 3510 372 3554 reto
393 3495 482 3574 quale
502 3496 545 3557 est
563 3492 654 3569 illud,
681 3510 745 3553 non
770 3483 863 3550 solum
878 3482 974 3545 studio
991 3495 1023 3544 et
1036 3482 1147 3548 assiduo

135 3576 237 3639 labore
257 3572 396 3651 efficere,
418 3594 450 3639 rt
470 3578 528 3639 hoo
547 3597 627 3640 utres
649 3570 745 3636 essent
766 3573 797 3631 in
810 3572 838 3630 's
840 3588 858 3630 e
873 3562 1019 3639 summae,
1039 3586 1147 3629 verum

136 3662 223 3722 etiam
239 3660 336 3741 gratia
350 3676 384 3719 et
395 3659 554 3739 prresrdio,
571 3678 604 3722 vt
619 3658 699 3741 apud
709 3658 791 3738 ’ulios
805 3648 1033 3731 'quodammodo
1053 3646 1149 3717 essent
1237 3683 1240 3691 ¹

137 3741 318 3825 perpetuae!
337 3744 497 3807 Nemeum
514 3760 665 3807 oratorem
677 3740 757 3801 bunc
772 3732 904 3797 nostrum
919 3734 1149 3809 emaculandum
1165 3786 1168 3793 .

138 3828 168 3886 in
183 3846 232 3887 me
245 3825 424 3904 receperim,
440 3825 566 3909 (recepi
580 3845 681 3890 nutem
695 3824 866 3899 diligenter,
881 3836 949 3877 cum
964 3818 1037 3879 tanti
1051 3820 1148 3879 auclo-
1215 3886 1219 3895 ¹

139 3910 175 3969 rir
188 3909 379 3982 celebritate,
399 3925 464 3971 tum
478 3912 536 3973 sui
551 3910 683 3974 nominis
705 3904 853 3985 religione
873 3916 936 3963 non
956 3898 1149 3964 mediocriter
1241 3930 1251 3941 ·
1284 3900 1287 3909 “

135 3988 314 4073 permotus)
333 3988 582 4112 mltiloTenon
596 3990 641 4057 eli
653 3990 855 4065 elaboratum,
875 4000 906 4047 rt
925 3980 1150 4127 Pmdioetuffi
