2917 4742
192 387 208 532 ῤ’
281 423 473 517 5142„
519 406 1129 506 ·H1ER'0NYM1woLrug
1222 455 1270 532 .'

312 601 389 682 deo,
407 595 527 682 semper
551 602 609 664 erit
633 597 818 663 emendandi
837 614 869 661 et
887 596 1057 660 exornandi
1078 595 1172 660 locut:
1194 592 1231 666 id,
1246 593 1343 675 quod,

311 703 346 750 rt
361 681 569 767 aquibusdam
589 679 805 764 reprehensum
826 679 884 756 ess,
905 677 1040 770 censopia
1063 681 1154 762 plane
1168 676 1343 752 seueritate,

243 833 246 841 ,
315 763 460 852 quicquid
476 767 616 838 omuibus
630 761 687 828 suis
703 766 837 826 numeris
851 759 1017 826 absolutum
1030 762 1160 838 nonsit,
1179 763 1277 824 veluti
1299 763 1344 822 lo·

317 873 357 915 co
377 849 699 928 mouentibus,·pt'que
723 850 756 908 in
772 848 912 910 ordinem
929 848 1122 927 cogentibus,
1150 845 1221 908 lica
1237 839 1345 906 deciis·

257 931 263 942 '
317 931 399 1000 limis
416 932 587 1012 quibusque
602 948 668 992 turn
685 929 804 994 nostrae
816 931 929 1006 aetatis,
950 947 1015 991 rum
1035 929 1147 990 reteris
1175 928 1345 990 memoriae

317 1017 391 1082 viris
405 1032 485 1090 „aut
507 1033 575 1076 cum
597 1014 703 1089 lande,
724 1032 775 1078 aut
793 1016 875 1076 certe
890 1033 953 1074 non
966 1011 1030 1073 fine
1044 1014 1143 1084 venia,
1163 1005 1282 1094 semper
1296 1007 1342 1069 est

318 1096 500 1180 usurpatum.
541 1101 618 1158 Nam
634 1098 787 1177 praeclare
808 1113 966 1176 puetarum
980 1091 1217 1175 ¹sapientissnnns
1258 1092 1347 1152 Euri·

203 1217 227 1260 ,ι
319 1181 416 1266 pidec,
437 1175 471 1245 ei
486 1173 619 1268 δεύτεραί
628 1205 698 1254 ποις,
717 1177 993 1264 inquits‘mporrdee
1002 1171 1189 1262 ,σὀωᾶτερωε
1208 1191 1240 1238 et
1251 1176 1347 1236 inrer-

320 1265 395 1330 dum
418 1281 524 1342 graues
547 1261 702 1342 irrstaeque
724 1258 826 1324 musae
841 1258 928 1338 sunt,
949 1279 1074 1344 propter
1099 1279 1263 1340 quas,nou
1280 1259 1347 1337 qui·

264 1411 270 1436 1
320 1347 392 1410 dem
415 1343 672 1428 praecipitandae,
692 1341 743 1406 sed
770 1343 964 1406 maturandae
983 1361 1084 1405 tamen
1100 1344 1156 1406 lint
1182 1341 1347 1413 editiones.

301 1505 303 1510 ¹
320 1432 436 1512 Neque
448 1445 548 1488 tamen
563 1428 620 1488 lroc
634 1426 673 1490 src
689 1427 783 1506 accipi
795 1428 904 1501 velim,
927 1426 1006 1505 quali
1020 1447 1072 1488 me
1091 1421 1252 1488 sententias
1275 1425 1349 1485 alias

320 1513 483 1578 allaturum
499 1507 560 1572 else
574 1527 688 1590 putem,
702 1509 878 1587 (dedieuim
892 1528 1024 1589 operam,
1045 1527 1077 1571 vt
1093 1529 1135 1570 ne
1150 1510 1183 1570 in
1202 1499 1239 1569 du
1255 1527 1291 1568 re
1306 1503 1348 1568 so·

320 1595 442 1658 cordiae
466 1589 629 1672 accusarer)
655 1589 706 1655 sed
727 1592 811 1674 quod
834 1612 930 1689 genus
954 1594 1106 1665 orationis,
1125 1591 1240 1672 dequo
1255 1588 1349 1652 rebus

320 1676 390 1758 ipfit
405 1677 541 1738 intentus
561 1676 678 1746 animus
701 1697 766 1737 non
786 1675 1174 1756 pertudeluboratslimari
1193 1675 1297 1734 multis
1317 1675 1351 1734 in

221 1774 223 1790 ¹
321 1759 398 1826 locis
420 1775 451 1820 er
472 1753 678 1841 splendescere
698 1779 769 1820 cura
789 1775 820 1830 m
845 1759 1002 1838 diligentia
1020 1759 1143 1839 poterit·
1184 1757 1233 1817 Sic
1245 1775 1351 1836 neque

282 1835 290 1874 ·’
322 1845 466 1908 iacturam
487 1841 577 1902 rllam
599 1839 730 1918 sacient,
750 1842 803 1920 <lui
824 1861 906 1902 nunc
926 1840 1032 1921 legent
1051 1836 1243 1914 (sententiam
1261 1841 1351 1900 enim

251 1939 255 1948 '
323 1919 549 2016 meostheniu
565 1923 663 2005 quoad
678 1927 745 1986 eius
760 1947 778 1986 u
792 1944 844 1986 me
857 1922 924 1985 fieri
937 1925 1050 2005 potuit,
1063 1943 1236 2005 germanam
1258 1922 1354 1984 habe·

322 2007 415 2080 bunt)
432 2023 463 2066 et
479 2008 531 2088 qui
546 2005 742 2086 posteriorem
756 2006 927 2070 editionem
943 2010 1083 2081 emerint,
1101 2006 1132 2067 id
1149 2005 1355 2066 commodita-

188 2117 231 2140 ν-
318 2087 422 2176 pient,
445 2104 477 2150 vt
492 2088 623 2152 didione
638 2091 739 2152 minus
754 2088 876 2152 horrida
889 2088 983 2170 magis
996 2088 1192 2151 deleilentur.
1231 2089 1356 2169 Hicigi·

325 2189 376 2236 tur
388 2197 389 2204 ¹
399 2171 484 2234 labor
505 2179 608 2248 meus,
649 2175 724 2234 ualis
743 2174 840 2252 qualis
855 2171 905 2247 esi,
926 2171 1067 2253 equidem
1076 2191 1158 2252 opto,
1172 2189 1203 2231 rt
1217 2169 1353 2232 studiosis

323 2253 499 2322 horninibus
512 2253 610 2335 profit,
626 2193 689 2318 siue
697 2255 895 2317 mediocriter
909 2253 1010 2330 dotlil,
1025 2253 1221 2316 fiuerudibus
1237 2272 1355 2334 graeca-

214 2337 222 2345 “
326 2358 399 2402 rum
419 2337 585 2402 literarum.
600 2391 612 2410 ,
626 2335 768 2419 Vtrisque
790 2334 860 2400 lane
872 2334 1039 2399 consultum
1054 2339 1146 2413 volui,
1166 2354 1201 2398 ac
1215 2337 1308 2399 toties
1323 2353 1353 2399 ct

284 2445 288 2451 ·
323 2421 358 2487 le
380 2421 387 2434 '
405 2436 436 2481 et
452 2420 548 2501 relegi
563 2419 811 2496 Demosthenem,
832 2422 923 2482 toties
938 2417 1353 2482 mermconuersronem'cum

325 2505 341 2568 i
375 2520 513 2566 naurore
528 2504 652 2580 contuli,
674 2505 764 2566 toties
777 2503 946 2577 emendari,
970 2504 1100 2565 totiesin
1115 2503 1243 2584 singulas
1257 2521 1356 2584 prope

327 2523 457 2671 sillabas
472 2586 630 2665 inquifiui:
652 2588 708 2649 vti
753 2583 916 2648 oscendum
931 2586 1007 2662 milri
1020 2583 1081 2647 elle
1097 2603 1243 2666 putarem,
1268 2585 1356 2650 fime

298 2685 303 2716 ἰ
331 2669 447 2752 aliquid
461 2666 634 2748 praestitisse
649 2689 704 2753 pro
727 2688 817 2745 rerer,
837 2668 920 2749 quod
936 2670 1010 2730 alios
1024 2669 1124 2731 minus
1145 2669 1310 2750 diligenter
1324 2686 1356 2730 et
1373 2664 1374 2671 '

237 2765 241 2774 ¹
297 2797 300 2804 ·
332 2769 464 2816 attentos
480 2747 679 2832 praeterisset:
707 2773 741 2814 ac
759 2747 916 2834 sperarem,
936 2770 1001 2814 tum
1023 2753 1119 2816 latine
1142 2752 1286 2816 duntaxat
1305 2752 1357 2813 do·

208 2838 211 2848 '
332 2837 394 2902 sios
407 2853 549 2916 graecum
562 2835 695 2898 codicem
709 2856 773 2897 non
787 2854 971 2916 magnopere
984 2833 1223 2901 desideraturum
1243 2853 1308 2897 tum
1323 2837 1356 2897 iu

256 2980 279 2996 ‚‚
334 2917 452 3002 g'raecis
466 2917 561 2979 literis
580 2939 620 2980 no
659 2915 724 2980 satis
739 2919 925 2991 exercitatos,
946 2917 1148 2980 conuerfionis
1168 2937 1256 2980 meae
1266 2919 1370 2980 relut-

333 2999 533 3074 adminiculis,
552 3000 591 3061 ad
605 3001 636 3081 ip
650 3021 701 3062 um
713 3018 850 3065 autorem
857 2999 1079 3097 perlegendum
1101 3019 1243 3082 tanquam
1259 3002 1358 3062 riuulo

336 3103 402 3146 non
417 3083 580 3144 inamoeno
596 3083 673 3146 duce
689 3083 726 3144 ad
738 3082 857 3145 sontem
879 3083 1112 3164 limprdiffimum
1134 3101 1227 3163 atque
1247 3083 1359 3145 uberri-

337 3183 423 3230 mum
430 3163 521 3224 facile
535 3183 746 3246 peruenturus·
767 3169 833 3247 Ego
845 3183 935 3241 cette,
957 3168 1168 3246 cumprimum
1181 3166 1360 3230 Demolllre·

334 3265 410 3311 nem
431 3247 531 3308 Marte
552 3267 622 3311 rneo
652 3248 723 3320 (nec
747 3253 830 3310 enim
848 3249 901 3310 diu
916 3249 1123 3327 magistrorum
1137 3269 1229 3331 opera
1249 3251 1293 3311 rti
1307 3251 1358 3308 mi-

240 3333 246 3357 ‘
337 3327 373 3394 hi
392 3327 488 3402 licuit)
503 3329 606 3409 legere
619 3327 798 3411 coepiffemt
820 3349 928 3412 quanta
948 3331 1043 3392 animi
1064 3333 1229 3406 alacritate,
1249 3353 1359 3412 quanta

140 3481 146 3500 ,
330 3407 537 3476 'exsultatione
545 3405 719 3497 accepturus
733 3413 781 3489 sui
793 3413 1022 3476 conuerlionem
1033 3410 1065 3476 su
1099 3415 1140 3475 mi
1156 3418 1292 3491 oratoris,
1307 3415 1359 3474 hac

157 3528 160 3536 ·
235 3573 241 3578 ¹
338 3513 408 3560 mea
422 3494 518 3558 nilrilo
536 3498 701 3570 mullerem,
722 3513 772 3558 aut
796 3498 949 3579 aliquanto
965 3498 1057 3558 etiam
1086 3498 1358 3560 etetioremiNam

321 3596 372 3641 ·vt
389 3578 478 3640 rllius
493 3577 567 3640 boni
580 3581 692 3642 auroris
709 3579 920 3661 interpretatio
933 3577 967 3640 fir
983 3580 1148 3659 exemplari
1165 3581 1291 3658 melior,
1310 3597 1355 3642 aut

308 3737 311 3746 Ι
340 3661 607 3740 eequeborru,fieri
617 3657 737 3724 sortalse
751 3683 813 3723 non
829 3661 942 3744 potest:
963 3681 1021 3744 ego
1034 3664 1158 3742 quidem
1169 3684 1358 3746 nequaquam

342 3743 375 3806 id
391 3741 465 3804 mihi
482 3741 674 3888 arroffoased
692 3747 813 3825 quoties
828 3766 892 3807 rem
908 3763 976 3807 cum
995 3766 1029 3807 re
1049 3745 1189 3822 consero,
1209 3765 1242 3810 et
1261 3751 1358 3810 animo

343 3839 415 3890 tneo
429 3845 545 3904 perpen
569 3849 595 3902 o,
616 3845 733 3890 tantum
745 3825 887 3890 interell'e
901 3829 990 3890 rideo
1004 3830 1084 3890 inter
1099 3833 1359 3896 meam‘etDerno·

344 3906 510 3974 sthenicam
530 3911 707 3985 orationem,
731 3929 877 3991 quantum
890 3909 1029 3974 interfuit
1040 3911 1360 3977 interDemusthenenr

345 3989 498 4056 dicentem
521 4009 551 4054 et
573 3989 768 4071 scribentem,
794 3992 851 4055 hoc
874 3993 933 4069 est,
954 3993 1035 4056 inter
1056 3995 1213 4058 virentem
1234 4016 1267 4059 et
1289 4017 1360 4058 mur

345 4091 444 4140 mom.
485 4076 596 4158 Neque
611 4065 694 4138 enirn
709 4075 836 4141 dubium
850 4071 910 4143 esse
923 4073 1263 4154 debet,eamluissenon
1276 4080 1362 4142 modo

417 4177 422 4184 '
869 4197 874 4206 ·
986 4189 990 4194 ·
1265 4164 1363 4226 dexte·
