2917 4742
168 146 329 158 ἠ’-ψ’
548 167 554 192 r

521 204 524 213 '
700 207 705 236 l

119 373 186 445 Al)
223 375 371 457 8.va
392 334 688 453 'Diibe'THa
721 348 983 456 talanat.
1035 406 1130 485 1153
1220 382 1224 397 ’
1258 374 1280 394 ”

113 554 254 619 litationis
267 552 461 635 amafioneni,
474 570 538 620 turn
552 558 750 647 ignorationis
761 541 986 627 ‘excusationem
999 564 1131 647 aliquam

114 636 244 703 babuilie
266 638 417 702 fatebitur.
462 638 728 713 Quemadmodum
749 663 851 707 aurem
872 649 1058 712 liberalitatis
1076 648 1127 727 est,

113 744 154 797 eu,
170 722 377 802 quaebabeas,
390 725 526 805 benigne
538 728 702 805 impertiri:
722 726 763 789 lic
775 731 941 791 verecundi
953 748 984 793 et
998 732 1129 811 pruden-

113 808 146 867 tis
161 808 258 866 animi
269 804 377 885 fuerit,
389 826 433 881 ea,
454 827 532 887 quae
546 829 609 869 non
623 810 748 884 habeas,
771 832 786 871 a
800 814 1048 893 locupletioribus
1063 836 1127 876 cor·
1155 852 1161 871 r

112 910 224 969 rogare.
263 890 368 968 arque
388 890 420 949 id
439 883 519 956 mihi*
535 888 839 971 suilleproposnurn,
861 912 894 957 et
910 892 1126 965 Thrasonicam

111 992 214 1033 eorum
237 974 453 1052 arrogantiam,
472 974 525 1053 qui
547 971 577 1035 se
599 971 672 1035 scire
695 977 797 1037 omnia
811 976 1005 1057 profitentur,
1026 975 1125 1061 displi-

109 1052 204 1130 cuiffe,
224 1056 277 1116 uel
290 1074 328 1115 ex
342 1069 379 1117 e'o
397 1056 505 1117 coniici
520 1056 623 1139 potest,
643 1058 733 1139 quod,
750 1060 800 1121 vbi
817 1061 853 1121 ad
869 1061 1040 1125 huiuamodi
1054 1061 1125 1124 sa'le·

109 1140 171 1199 bras
186 1154 372 1217 peruentum
389 1138 464 1213 fuit,
484 1140 516 1199 in
525 1137 658 1203 isocrate
672 1136 876 1204 dubitationes
891 1162 971 1215 meos
986 1146 1017 1205 in
1042 1148 1124 1209 calce

108 1224 204 1301 operis
226 1223 388 1287 anrtotaui:
415 1238 505 1301 atque
519 1224 553 1284 in
568 1224 776 1287 Demosthene
787 1224 903 1287 ¹Graeca
917 1226 1033 1305 pridem
1049 1236 1124 1289 ntal-

107 1307 224 1385 ginibua
244 1304 358 1367 adieri:
384 1307 467 1365 etin
488 1303 552 1367 line
571 1309 802 1370 annotationum
820 1310 859 1371 ad
880 1310 1008 1388 primam
1025 1314 1122 1395 Olyn-

107 1390 230 1450 tlriacam
255 1406 392 1449 meuum
411 1407 523 1468 aequos
544 1389 671 1460 leilores
692 1394 813 1472 rogaui,
845 1408 876 1453 vt
900 1386 983 1452 fuum
1008 1394 1045 1455 ad
1069 1412 1120 1473 me
1194 1441 1200 1451 .

106 1469 290 1550 perscribere
302 1462 746 1554 iudiciumnortgrauarentur.
787 1472 878 1545 Quod
893 1474 1035 1552 hailcouq
1056 1479 1120 1557 qui·

105 1554 169 1615 dem
182 1578 200 1616 a
214 1550 351 1629 nemine,
366 1554 597 1635 quibuscunque
611 1555 651 1619 de
664 1556 763 1629 confit,
779 1555 838 1618 else
850 1556 961 1619 faslum
973 1560 1115 1641 cognouit

105 1656 190 1718 atque
201 1638 228 1699 ii
242 1639 334 1699 etiam
348 1656 399 1699 me
412 1636 626 1713 destituerunt,
648 1659 724 1718 quoa
744 1659 844 1701 coram
865 1642 964 1715 oraui,
985 1635 1017 1703 ut
1038 1638 1120 1705 fuam

105 1718 256 1783 censuram
269 1721 484 1801 interponere,
502 1742 535 1782 uc
552 1730 618 1783 tuni
631 1722 706 1782 mibi
718 1739 782 1783 tum
796 1723 860 1785 aliis
867 1768 875 1798 ,
896 1726 1050 1804 utriusque
1063 1726 1122 1787 lin·

104 1820 174 1884 guae
194 1797 384 1865 amatoribus
392 1834 408 1879 ,.·
419 1798 564 1865 inseruire
578 1800 783 1867 obscuriorum
801 1808 937 1867 locorum
952 1806 1119 1887 (quantum

104 1887 162 1948 lieri
175 1883 297 1968 poffet)
309 1886 507 1948 illustratione
519 1886 733 1967 dignarentur>
765 1888 844 1950 Illud
861 1888 983 1970 quidem
998 1892 1120 1953 abunde

102 1973 169 2033 milri
183 1971 327 2051 contigit,
342 1990 402 2046 quo
417 1972 493 2031 nulli
507 1970 689 2050 praestantes
704 1972 761 2032 viri
774 1971 788 2049 (
797 1970 848 2035 etsr
863 1990 921 2053 ego
936 1992 986 2033 me
1000 1974 1032 2033 in
1046 1992 1119 2037 eunt

103 2072 265 2117 numerum
280 2055 407 2114 minime
419 2052 540 2127 resero)
558 2072 690 2134 unquam
704 2072 875 2131 caruerunt,
897 2056 1119 2119 urfarlilterenr

102 2136 323 2199 homunciones
347 2136 466 2216 ignaui,
500 2155 691 2218 arrogantes,
722 2136 858 2213 delicati,
885 2138 1036 2213 maledici,
1064 2140 1119 2221 qui

101 2224 238 2282 caninam
260 2236 364 2281 contra
383 2238 434 2280 me
453 2218 624 2284 facundiam
650 2238 846 2282 exercerent:
879 2242 955 2300 quor
982 2240 1040 2303 ego
1058 2222 1119 2285 ¹uel

101 2306 248 2383 opinione
261 2299 312 2364 suu
325 2302 430 2363 beator
443 2299 512 2377 effe',
532 2306 582 2366 vel
595 2304 694 2365 liuore
710 2298 927 2377 contabescere,
945 2304 994 2367 vel
1009 2308 1118 2367 latratu

101 2408 177 2449 auras
191 2388 331 2467 implere
342 2386 432 2446 facile
444 2387 557 2467 patior,
582 2404 613 2447 et
626 2382 826 2448 conscientiae
841 2404 926 2447 meae
945 2384 1120 2459 testimonio

101 2470 279 2544 torrentum
299 2486 330 2529 et
345 2467 524 2548 posteritatis
536 2469 730 2549 aequioribus
745 2470 862 2531 iudiciis
882 2468 993 2545 fretus,
1015 2472 1118 2533 valere

100 2556 193 2615 iubeo.
237 2550 328 2623 Quae
342 2572 410 2611 cum
424 2551 550 2627 iratior,
570 2570 628 2633 ego
643 2572 702 2626 me,
722 2554 832 2631 quiea,
848 2572 925 2632 quae
940 2554 1070 2614 renuitas
1086 2570 1119 2615 er

100 2638 211 2717 ingenii
242 2654 273 2697 et
294 2634 434 2695 fortunae
455 2654 541 2697 nteae
559 2632 678 2709 ferunt,
711 2638 814 2697 omnia
834 2637 996 2715 diligenter·
1023 2634 1119 2697 lideli·

99 2740 200 2802 terque
215 2717 433 2801 praestiterint,
454 2713 597 2780 boniviti
619 2717 735 2793 officio,
757 2716 795 2779 et'
812 2720 996 2797 reipublicae
1019 2720 1118 2780 litera·

100 2806 152 2864 n'ae
174 2798 300 2864 studiofi
322 2800 458 2861 fontium
485 2796 545 2862 esse
567 2799 696 2862 confido.
745 2802 827 2863 Faxit
859 2804 944 2863 Deus
973 2804 1115 2879 Optimus

99 2886 264 2959 Maximus,
284 2882 349 2946 fine
364 2885 446 2945 cuius
462 2882 571 2945 fauore
582 2882 688 2947 frustra
702 2876 758 2963 ft'or
773 2884 946 2963 fatigamus,
970 2904 1001 2946 vt
1021 2905 1116 2965 opera
1242 2942 1247 2959 ἵ

100 2988 157 3031 trrca
174 2986 302 3031 tantum
320 2966 412 3047 profit
434 2968 591 3041 omnibus,
619 2984 765 3047 quantum
788 2986 845 3049 ego
865 2970 992 3030 vellem:
1020 2986 1116 3048 vtque
1139 2982 1143 2998 '
1243 3022 1244 3025 ,

99 3054 208 3115 labores
233 3053 267 3112 bi
289 3051 351 3111 mei
371 3050 481 3112 eodem
501 3051 671 3111 animorum
685 3052 816 3112 candore
829 3072 845 3109 a
860 3050 1020 3113 l'eclotibur
1038 3052 1116 3112 exci-

101 3140 234 3215 piantur,
254 3154 316 3213 quo
337 3156 355 3194 a
374 3152 424 3195 me
446 3130 571 3215 suscepti
590 3134 777 3214 perfectique
796 3130 872 3195 funt.
914 3136 1115 3197 Petacerbum

101 3223 174 3280 enim
189 3218 253 3293 est,
275 3216 362 3278 nullo
376 3213 427 3277 suo
443 3219 666 3292 emolumento,
686 3219 824 3297 publicae
839 3216 983 3281 duntaxat
1005 3218 1113 3279 vtilita·
1170 3242 1192 3257 Η

98 3304 129 3362 tir
146 3304 246 3383 gratia
266 3301 469 3376 laborantem,
498 3300 662 3361 virulentas
682 3301 774 3361 etiam
792 3300 1041 3364 calumniatorum
1056 3302 1113 3361 lin·
1151 3308 1155 3321 '
1237 3306 1242 3329 ¹

99 3407 162 3463 guas
178 3384 334 3464 experiri:
357 3404 486 3462 quotum
502 3379 630 3443 susurros
644 3400 736 3462 atque
748 3384 869 3445 aculeos
882 3384 902 3446 li
916 3386 1032 3446 euitare
1047 3402 1112 3445 nott
1177 3418 1181 3425 2

97 3470 202 3544 licebit,
223 3466 303 3528 illud
319 3486 370 3527 me
383 3463 590 3541 consolabitur,
606 3465 688 3547 quod
702 3468 831 3548 Magnus
846 3468 1023 3529 Alexander·
1034 3463 1113 3527 usur·

98 3554 195 3631 pabit,
217 3552 327 3632 ragiunt
342 3543 389 3627 effa
404 3548 501 3606 audiar
516 3546 601 3624 araia,
625 3545 870 3625 urarfarr'arbrrre.
913 3551 1066 3631 Mitigabit
1081 3568 1113 3613 et
1195 3584 1198 3591 .

97 3636 142 3695 illa
157 3636 235 3696 ratio
250 3633 392 3708 dolorem
406 3652 522 3708 meum,
543 3632 624 3712 quod
639 3634 752 3694 cordati
768 3630 967 3695 omnesbaud
985 3632 1111 3693 difficul-

97 3736 138 3779 ter
151 3714 352 3799 perspiciunt,
374 3716 405 3777 id
420 3734 516 3796 genus
532 3716 757 3779 criminationes
773 3734 835 3776 non
858 3734 919 3776 tam
940 3717 976 3777 ab
997 3718 1110 3794 imprc·
1183 3782 1187 3789 ι

96 3802 217 3862 batione
237 3800 341 3881 magni
363 3819 487 3861 conotus
508 3818 541 3859 ac
562 3795 692 3859 difficilis
711 3800 811 3878 operia
838 3804 992 3861 contemtu
1020 3796 1109 3879 profi·
1147 3854 1161 3905 q

98 3882 173 3960 cifri,
194 3903 285 3963 quatu
301 3884 339 3944 ab
354 3883 571 3955 aemulatione,
591 3883 815 3957 maleuolentia,
833 3883 964 3944 inuidia:
983 3884 1108 3962 quaein
1248 3928 1252 3936 1

98 3966 206 4028 summa
219 3966 410 4045 turpitudine
422 3967 451 4025 id
468 3963 560 4025 solum
574 3964 665 4027 habet
679 3966 760 4038 boni,
775 3966 855 4044 quod
869 3968 913 4042 iit,
928 3965 960 4031 io
977 3984 1108 4045 quorum

97 4053 199 4112 mimis
214 4046 314 4111 sedern
328 4047 402 4124 fixit,
422 4048 586 4131 plurimum
601 4049 688 4113 affert
701 4049 782 4109 mali.
819 4050 884 4131 Ego
901 4058 972 4112 vero
985 4048 1108 4109 illorum

131 4134 210 4214 App.
226 4130 273 4194 Cr.
285 4132 323 4192 ad
337 4130 423 4195 Dera·
444 4136 512 4195 lul.
522 4135 561 4194 ll.
721 4131 774 4191 Ee
788 4150 832 4193 ee
979 4127 1108 4191 vmiseria
