2917 4742
126 364 189 433 au
217 360 371 435 svvn
405 360 689 462 opnosrn.
720 328 988 441 annuant.
1035 378 1133 457 ura
1217 366 1225 372 ·
1298 464 1303 475 ,

123 538 167 605 νἐΙ
180 536 390 627 propagatum
400 542 537 625 denique
546 532 673 605 cdnlilio
688 562 721 608 et
735 542 906 627 prudentia.
943 545 1062 611 consti
1084 546 1157 630 igl'
1223 556 1227 571 ’

123 646 180 701 tur,
201 644 232 685 rt
246 622 295 686 ‘l'c
308 626 350 688 ita
365 626 521 705 posteritate
535 620 673 705 sentiret,
691 631 735 690 rri
749 652 805 691 nos
820 630 913 692 hodie
935 651 997 693 non
1022 634 1075 693 nili
1097 634 1138 695 de
1218 684 1221 693 .

123 711 239 789 optimis
254 704 407 771 sentimur.
449 712 562 771 Eadem
575 711 734 789 illaaetar,
756 730 834 791 quae
848 712 1034 779 cieterattet
1051 716 1135 781 clete·

123 813 184 853 rere
198 808 252 853 aut
265 790 397 853 obruere
409 784 498 869 solet,
515 793 593 855 Tuia
605 788 729 873 semper
738 796 850 875 aliquid
864 784 1000 859 additu‘ra
1018 797 1060 861 cll
1073 800 1136 861 lan·

122 876 221 949 nous,
241 870 390 955 suumque
404 870 580 957 suffragium
600 874 749 956 adponet,
770 898 834 939 non
854 880 926 943 huic
941 896 1136 943 rnnttrmora·
1177 934 1181 943 .

119 961 191 1021 tiuni
207 957 334 1034 nolitne,
355 977 461 1023 vetum
473 961 510 1019 iia
524 959 624 1032 etiam,
644 978 730 1040 quae,
752 958 860 1036 nelcio,
876 982 913 1023 an
931 964 1024 1041 magis
1038 958 1142 1043 pudo·'

119 1044 155 1103 tis
172 1041 236 1102 Tui
254 1036 437 1105 conicienda
455 1058 626 1121 permotus,
656 1056 703 1103 an·
717 1045 871 1107 tenuitatis
891 1046 1008 1126 ingenii
1031 1046 1134 1124 nostri,

118 1122 211 1189 lentio
227 1140 363 1199 tanturn,
380 1126 483 1205 eloqui
498 1144 561 1186 non
577 1123 712 1188 audeam
939 1171 942 1185 .
1225 1188 1230 1205 ,

194 1208 307 1286 Neque
328 1206 366 1273 ab
383 1208 421 1269 iit
441 1202 526 1283 lane,
555 1208 608 1288 qui
629 1210 790 1289 negligunt
809 1226 934 1271 omnem
956 1207 1033 1271 hanc
1047 1210 1134 1271 ratio·
1259 1242 1263 1259 ·

120 1310 189 1351 nem
200 1290 384 1352 eruditionis
397 1297 488 1368 'atque
499 1292 698 1372 ingeniorum.
705 1292 960 1366 exercitationem,
976 1310 1048 1355 vere
1057 1292 1135 1353 illud

119 1374 243 1447 dicitur,
262 1394 370 1453 parum
391 1373 429 1434 ud
451 1374 544 1435 vitam
562 1390 654 1458 atque
673 1374 711 1436 ad
725 1393 821 1454 remp.
835 1370 997 1454 proficere,
1016 1375 1138 1451 cultilli·

119 1476 178 1517 maa
192 1458 283 1530 licet,
301 1452 484 1537 disciplinas,
503 1459 536 1517 in
571 1456 659 1519 uibus
670 1459 817 1533 ‚omnibus
838 1458 966 1528 remilltu
985 1456 1134 1536 quaedam

123 1541 293 1602 mimorum
325 1557 357 1601 et
390 1539 523 1601 liberalia
549 1476 739 1602 iulummodo
772 1539 930 1603 obloilatio
962 1543 1133 1619 quaeriturt

121 1642 223 1703 neque
244 1643 299 1703 par
323 1618 396 1697 esse,
422 1638 454 1683 vt
472 1642 511 1686 ea
528 1622 638 1697 studia,
664 1642 744 1704 quae
755 1624 945 1703 politioribus
958 1624 991 1685 in
1010 1624 1136 1699 trribut,

117 1708 253 1785 arquein
267 1705 394 1784 quadarn
408 1706 558 1787 elegantia
571 1703 726 1767 literarum
740 1702 905 1781 versantur,
925 1722 978 1769 ant
997 1705 1133 1767 nostrum

116 1780 211 1851 otium
222 1791 255 1851 in
267 1789 306 1850 iis
317 1783 508 1865 excolendis,
529 1806 580 1851 aut
595 1788 725 1851 velitum
736 1788 871 1852 fauorem
885 1792 916 1851 in
934 1808 1024 1871 proto
1046 1787 1133 1855 andin
1224 1834 1232 1847 .

114 1888 303 1935 exercerent.
350 1869 489 1933 Clarnant
509 1872 628 1952 ingenii
647 1870 820 1947 facultates,
846 1890 951 1951 parurn
974 1808 1045 1933 ini

116 1956 290 2030 laudabilia,
315 1953 335 2017 fi
356 1958 410 2029 iia,
432 1955 486 2035 qui
511 1974 562 2016 eaa
587 1956 620 2019 in
647 1950 679 2017 l'e
704 1956 832 2027 habent,
858 1957 949 2029 iisne,
983 1974 1058 2035 quoa
1079 1953 1133 2017 de·

115 2040 225 2101 lenate
235 2037 351 2118 pollint,
366 2036 428 2111 ,lint
439 2037 597 2113 iucundae,
618 2036 652 2099 ni
665 2038 797 2100 humano
812 2039 902 2101 etiam
913 2038 1020 2118 generi
1034 2032 1131 2099 effenr

114 2120 338 2201 quodammodo
352 2116 532 2194 fructuosae:
551 2118 679 2201 proinde
694 2120 910 2205 negligendam
928 2112 987 2181 eil'e
1002 2114 1131 2199 prorsus,

114 2226 163 2267 aut
182 2204 445 2271 exterminandam
455 2214 463 2238 '·
472 2205 588 2284 potius,
616 2205 837 2284 eloquentiam,
871 2204 1000 2264 maxime
1024 2220 1127 2265 autem
1199 2260 1210 2269 ,,

1036 1866 1133 1933 eeslo
1241 1902 1283 1943 ,-

114 2286 224 2349 caleam
237 2288 336 2361 illam,
351 2305 382 2348 et
397 2286 560 2361 exoletam,
580 2303 612 2348 et
623 2289 817 2368 antiquorum
829 2282 1015 2349 solummodo
1036 2284 1132 2347 literis
1196 2336 1202 2359 ,
1255 2348 1259 2357 ,
1325 2314 1332 2333 ·

114 2368 272 2445 inclusam,
289 2373 374 2431 cuiue
396 2369 416 2431 li
438 2390 501 2431 non
522 2371 636 2446 omnis,
656 2388 686 2433 at
706 2372 867 2451 praecipua
884 2365 1001 2443 latitem,
1019 2368 1082 2429 laur
1096 2368 1132 2431 in

115 2454 234 2517 deleelu
257 2456 434 2531 uerborum,
459 2456 493 2513 in
519 2453 631 2517 decore
648 2450 858 2528 clausularum,
891 2468 924 2515 et
945 2452 978 2513 in
1001 2448 1131 2528 quadam
1156 2464 1161 2477 ·
1227 2468 1231 2479 ¹

114 2541 252 2601 obertate
266 2538 412 2599 orationis
424 2538 608 2599 continetur.
1188 2540 1192 2547 ‘

193 2617 423 2701 Eisequandam
437 2619 646 2689 incredibilem
658 2616 876 2679 iucunditatem
895 2609 1132 2690 suauitatemque
1231 2620 1235 2629 ’

112 2704 143 2763 in
158 2724 198 2765 eo
212 2722 331 2782 genere
344 2704 506 2774 literarum,
521 2722 599 2783 quae
611 2702 702 2767 etiam
715 2698 949 2780 occupatillrmos
963 2697 1131 2777 percellere
1245 2750 1264 2793 ν.

112 2784 205 2860 soler,
220 2784 277 2847 nist
297 2806 400 2847 earnm
419 2788 540 2859 artium,
560 2786 669 2867 quibus
689 2783 727 2849 ad
749 2782 967 2843 humanitatem
988 2776 1130 2841 informa-

112 2890 193 2945 mur,
213 2871 308 2949 plane
322 2868 411 2929 rudes
422 2869 545 2941 fuerint,
564 2886 668 2947 neque
682 2886 740 2947 ego
757 2882 869 2944 negare
883 2859 1007 2943 polium,
1028 2861 1129 2939 quiin

111 2954 256 3033 antiquae
267 2954 462 3032 eloquentiae
473 2951 642 3013 auiloribus
665 2948 855 3029 expoliendis
876 2934 1005 3025 aliquam
1024 2944 1129 3005 aeraria
1149 2953 1154 2969 ’

112 3054 229 3113 partem
249 3036 462 3108 contriuerirn,
488 3054 591 3114 neque
613 3033 694 3114 apud
713 3036 762 3095 Te
783 3028 920 3093 confiteri
941 3027 1049 3109 pudet,
1075 3026 1136 3107 quix
1226 3089 1229 3099 ,

113 3138 177 3194 me,
196 3136 230 3179 vr
250 3118 283 3178 id
302 3116 473 3179 constanter
493 3116 639 3192 iacerem,
664 3132 781 3177 tantum
807 3116 891 3175 omrai
908 3108 1127 3173 beneficiorum

112 3218 227 3281 genere
243 3199 403 3279 impulisti,
421 3218 567 3281 quantum
585 3198 743 3261 incendisti
757 3200 875 3259 hortatu
895 3214 984 3273 arque
1005 3192 1128 3255 tutiori-

114 3302 181 3347 tate.
224 3283 311 3359 Quid
331 3285 415 3345 enirn
436 3302 496 3345 tam
515 3282 611 3363 potest
625 3278 685 3350 elie
694 3282 818 3363 cognitu
832 3280 1012 3349 iucundum,
1032 3294 1125 3355 quam

112 3366 287 3446 granimmn
307 3362 463 3430 sententiis
482 3384 573 3444 arque
593 3366 676 3425 omni
697 3382 805 3427 ornatu
820 3364 981 3425 verborum
994 3356 1129 3419 dilincla
1152 3410 1158 3433 ,

112 3452 205 3513 oratio
225 3469 258 3512 er
278 3451 443 3531 perpolita:
480 3466 611 3511 anun
626 3462 875 3510 ntnnswnt
905 3442 1081 3524 praecipue,
1106 3461 1148 3535 .²'

111 3535 220 3612 quibua
231 3529 356 3595 damma
376 3532 498 3593 dicendi
518 3533 562 3592 rie
584 3549 615 3593 et
628 3532 755 3592 inuenta
769 3548 801 3592 et
816 3526 946 3607 perfeiia
960 3520 1018 3585 elie
1033 3520 1128 3583 credr-
1218 3584 1222 3595 ,

111 3632 173 3676 tur:
201 3626 296 3695 atque
317 3619 381 3679 eius
404 3616 527 3677 demum
549 3612 712 3693 scriptoria,
739 3614 793 3692 qui
804 3610 948 3673 felicitate
963 3609 995 3667 in
1010 3604 1129 3701 excogi-

111 3700 219 3776 tando,
238 3701 273 3761 in
289 3700 469 3779 explicando
482 3714 575 3777 atque
591 3698 729 3758 ornando
743 3698 851 3762 nitore,
870 3708 987 3754 tantum
1001 3706 1128 3785 caeterae
1177 3752 1179 3760 ,
1237 3746 1239 3753 ,

110 3782 141 3847 in
154 3804 191 3845 ea
204 3784 282 3861 rpbe
297 3781 455 3863 praestitit,
479 3798 625 3860 qnantum
639 3800 676 3843 ea
691 3776 752 3859 ipsa
769 3774 909 3841 omnibus
931 3790 1057 3841 omnmo
1076 3776 1130 3833 na'-
1251 3812 1253 3821 .

110 3867 242 3929 tionibus
255 3868 441 3929 antecellere
454 3864 624 3925 iudicamr?
864 3896 871 3907 ·
1094 3933 1101 3947 1
1148 3866 1153 3899 ³

186 3949 247 4011 Sed
270 3963 374 4027 neque
391 3950 424 4007 in
445 3947 499 4008 illo
519 3964 637 4027 genere
658 3942 771 4016 laudis,
796 3937 910 4021 liquid
929 3936 964 4000 sn
976 3954 1078 4001 tamen
1091 3953 1126 3995 m

110 4046 175 4109 tpta
188 4034 392 4099 collocatione
405 4032 583 4106 verborum,
608 4044 641 4093 et
650 4022 864 4125 irr'numetolt
885 4018 1127 4173 conaturus?
1143 4050 1147 4057 ·

1020 4120 1054 4161 or
1116 4131 1128 4145 ·
