2917 4742
785 148 832 201 1«,

316 322 440 445 μμ,
540 336 872 431 tuutto'urnt
922 342 1187 441 woron-

361 502 365 507 .
947 498 953 509 ,
1052 476 1062 503 Ν
1111 472 1116 477 “
1231 506 1234 511 ,

244 538 257 551 ‘
321 522 443 591 miseria
453 544 519 589 non
534 524 676 602 delebor,
699 522 751 590 led
765 546 818 591 eor
832 528 874 591 itt
887 522 993 589 felices
1009 520 1069 591 elle
1084 526 1206 603 vellbm,
1220 543 1263 603 vt,
1277 550 1368 608 quae

324 610 555 691 reprehendunt
575 629 607 671 et
631 613 803 697 exagitant,
825 612 1031 691 corrigerent,
1052 630 1085 670 ae
1108 612 1203 695 longe
1223 615 1363 677 meliora

325 692 492 770 efficerent.
533 696 578 755 lta
590 693 715 755 demum
727 713 759 755 et
772 694 986 757 existimationi
999 689 1067 755 luae
1088 692 1303 772 consulerent,
1325 714 1359 759 er

158 832 161 840 .
202 779 204 783 ’
227 769 251 805 “’·
300 768 660 857 'studiofisprodeffent,
679 797 711 839 et
724 796 811 839 meae
835 774 990 852 satnae,st
1013 776 1108 857 gratia
1128 776 1287 839 doliorum
1312 780 1365 841 in·

94 865 95 870 ’
150 858 154 869 ’
283 910 286 919 .
325 860 455 942 dignum
477 854 537 921 elle
551 878 675 942 potant,
702 860 755 923 'etli
774 856 943 940 persuasum
957 858 1072 934 habeo,
1091 876 1210 925 temere
1224 858 1365 936 lottnll‘e,

328 939 380 1007 led
399 961 501 1005 tamen
522 939 689 1023 persuasum
707 943 821 1018 habeo,
851 944 1009 1005 neminem
1029 944 1147 1005 bonum
1173 962 1204 1005 et
1226 943 1364 1007 dodum

329 1028 405 1091 milri
418 1022 477 1088 ess'e
490 1026 669 1103 inimicum)
684 1026 955 1099 incommodarent.
994 1024 1053 1087 Sed
1065 1028 1150 1093 ,bene
1170 1022 1365 1107 sperandum

331 1096 502 1193 potius‘est,
521 1130 611 1191 quam
625 1112 704 1173 male
725 1109 937 1171 minandum:
966 1126 997 1171 et
1018 1108 1107 1171 huius
1134 1108 1254 1173 nostrae
1274 1111 1364 1173 labo·

311 1191 426 1259 ¹riolae
447 1192 668 1267 conuerstonis,
689 1211 793 1273 atque
819 1188 997 1275 operoliotis
1016 1194 1109 1253 etiam
1134 1195 1364 1273 recognitionis

330 1294 475 1355 euentus,
490 1274 632 1340 fortunae
645 1277 854 1354 leilornmque
866 1274 983 1339 iudiciis
1006 1275 1245 1355 permittendus:
1277 1298 1365 1356 quae

272 1356 277 1376 ¹
331 1382 395 1442 quo
415 1360 558 1439 aequiora
577 1360 827 1439 cognouerimus,
851 1379 888 1420 eo
909 1356 1071 1421 reddemur
1094 1356 1130 1421 ad
1152 1354 1364 1421 absoluendor

330 1444 422 1508 iustos
436 1444 470 1502 in
485 1440 725 1504 Demosthenem
737 1460 770 1505 et
784 1437 943 1505 Isocratem
963 1444 1210 1517 commentarios,
1230 1445 1364 1505 alacrio-

291 1528 298 1544 “
333 1547 392 1591 res.
430 1526 601 1605 Aequitatir
616 1543 718 1589 autem
731 1520 792 1587 effe
805 1541 893 1605 puto,
913 1526 1057 1605 pauculos
1072 1542 1205 1600 ert-oreo,
1225 1546 1308 1605 qnos
1326 1528 1362 1593 in

335 1609 454 1692 prolixo
468 1626 563 1687 opere
578 1628 686 1670 cauere
698 1607 910 1669 difficillimum
926 1604 983 1683 est,
1002 1625 1032 1670 et
1045 1608 1263 1687 ignorationes,
1285 1628 1364 1669 cum

178 1736 199 1751 ι.
336 1712 453 1765 eorum,
474 1711 553 1771 quae
566 1688 686 1753 fortali'e
699 1712 764 1753 non
780 1692 859 1773 male
875 1690 1013 1767 diximus,
1035 1710 1069 1751 ac
1083 1689 1249 1771 diligenter
1262 1692 1366 1773 expli-

203 1802 206 1808 ’
294 1835 298 1841 .
334 1776 483 1851 cauimus,
502 1775 699 1837 multitudine
719 1792 924 1854 comparate„
949 1775 1051 1855 Atque
1073 1772 1149 1835 baec
1168 1774 1204 1835 ad
1223 1776 1364 1839 letiores

334 1858 396 1922 bue
409 1852 551 1934 morosos,
565 1857 628 1919 siue
640 1856 772 1933 inuidos,
792 1854 854 1919 lrue
867 1858 959 1919 etiam
969 1857 1135 1938 imperitos,
1156 1858 1207 1919 vel
1221 1876 1367 1921 manen·

336 1942 408 2015 dos,
429 1942 480 2001 rel
493 1941 668 2021 placandos,
681 1939 703 2001 fi
723 1938 797 2019 quid
810 1940 899 2019 aequi
912 1960 930 2002 a
943 1936 972 2001 se
986 1942 1140 2021 impetrari
1153 1938 1269 2016 linent,
1291 1962 1367 2023 per·

335 2027 435 2089 tinere
456 2025 535 2087 volo.
573 2027 652 2087 Μαι
674 2024 756 2104 quod
779 2022 817 2087 ad
839 2040 923 2085 tuum
947 2023 986 2094 de
1007 2043 1057 2084 me
1078 2022 1223 2085 iudicium
1238 2026 1371 2103 attinet,

257 2106 260 2114 ’
306 2119 312 2124 ’
334 2110 382 2170 vir
400 2106 591 2187 amplilltme,
608 2108 709 2169 animo
730 2102 795 2168 lum
817 2124 848 2169 et
870 2099 972 2167 lecuro
995 2124 1026 2168 et
1047 2126 1167 2185 magno.
1207 2102 1367 2177 Quicum

339 2190 459 2290 pridem
477 2208 621 2252 conamur
639 2208 744 2251 meum
767 2189 840 2251 boni
859 2184 1164 2253 consuluerisminur
1179 2184 1368 2269 absolutum,

214 2266 218 2275 ’
255 2318 266 2325 -
294 2344 299 2357 ¹
337 2273 432 2354 idque
445 2273 579 2335 moribus
593 2292 625 2336 et
638 2272 741 2335 studiis
756 2274 830 2334 meis
845 2272 983 2336 nondum
1002 2276 1045 2335 ita
1065 2266 1243 2352 perspectis:
1264 2276 1369 2355 plane

337 2356 521 2437 deiiperem,
541 2355 640 2438 stpoll
654 2372 802 2418 tantuma
818 2375 868 2417 me
881 2374 963 2416 nunc
976 2352 1307 2433 adhibitumstudium,
1336 2356 1381 2423 et

336 2458 399 2504 tam
418 2442 603 2503 luculentam
623 2441 793 2501 orationum
815 2456 906 2517 atque
926 2438 1117 2517 epistolamm
1129 2434 1291 2501 Aeschinis
1320 2462 1367 2503 nc-

338 2524 512 2597 ceffionm,
532 2542 610 2604 quae
645 2522 749 2584 uidem
762 2520 961 2583 Demostheni
975 2540 1114 2603 magnam
1127 2522 1235 2596 lucem,
1255 2540 1294 2585 et
1310 2527 1369 2587 vti-

268 2597 279 2621 '
333 2608 451 2672 litatem
463 2607 622 2668 leiloribus
657 2604 715 2669 aud
730 2606 870 2689 exiguam
881 2622 949 2665 cum
970 2607 1034 2687 pati
1055 2606 1211 2685 voluptate
1228 2608 1365 2670 coniun-

337 2693 413 2755 ἅλω
425 2688 569 2765 alletent,
588 2688 651 2767 (tte
663 2690 890 2761 annotationes,
911 2688 1031 2769 aliaque
1050 2689 1205 2767 complura
1222 2706 1365 2752 comme·

337 2770 478 2849 morem)
498 2772 539 2835 de
557 2790 610 2834 tua
630 2791 701 2852 erga
720 2790 771 2833 me
791 2788 823 2832 et
843 2770 1066 2833 lucubrationes
1088 2790 1169 2832 meas
1192 2772 1377 2845 voluntate¹

336 2858 517 2923 dubitarem.
555 2850 731 2917 Praesertim
747 2871 816 2915 cum
829 2872 892 2915 non
914 2856 1001 2933 parui
1022 2854 1167 2934 temporis
1189 2852 1364 2919 domestico

264 2957 267 2962 ’
338 2937 567 3015 consuetudine,
589 2947 658 2999 cum
672 2939 797 2999 caeteris
811 2937 845 2997 in
862 2936 951 2998 rebus
975 2936 1178 2999 excellentem
1199 2937 1364 3017 virtutem,

174 3014 188 3027 ’
232 3055 239 3084 t
336 3044 369 3087 nc
383 3023 501 3103 ingenii
516 3019 733 3101 praestantiam,
746 3038 811 3082 tum
822 3020 1039 3089 humanitatem
1053 3036 1133 3083 tunm
1145 3020 1179 3081 in
1195 3036 1282 3083 tanto
1298 3022 1365 3085 for·-

300 3102 306 3113 ‘
336 3125 430 3171 tunae
442 3102 558 3182 fastigio
573 3102 791 3179 admirandam,
812 3120 919 3183 magna
938 3122 1006 3164 cum
1028 3104 1183 3183 voluptate
1203 3121 1235 3167 et
1253 3102 1363 3169 stuciu

338 3211 407 3253 meo
421 3185 483 3250 no'n
498 3186 685 3267 poenitendo
697 3186 862 3267 coguotim.
900 3188 1007 3265 ltaque
1022 3183 1243 3248 Demosthenes
1256 3208 1361 3269 opera

336 3294 405 3336 mea
419 3268 636 3333 nunctandem
648 3264 932 3341 nelchirri,abolito
946 3270 1000 3331 illo
1020 3269 1115 3331 veteri
1136 3268 1224 3345 odio,
1245 3288 1361 3335 recon-

251 3417 256 3425 ,
335 3359 452 3420 ciliams
467 3372 559 3434 atque
574 3353 765 3428 coniunclus,
782 3350 884 3413 denuo
900 3346 929 3413 se
944 3370 995 3414 tuo
1010 3352 1177 3433 patrocinio
1195 3366 1361 3417 commen·

338 3443 403 3505 dat:
423 3441 456 3500 in
469 3433 521 3517 spe
535 3433 747 3517 optimnfitur,
775 3452 806 3495 te
826 3436 918 3497 talem
938 3437 1081 3497 clientem
1102 3454 1160 3495 nec
1180 3429 1362 3513 aspernatu-

266 3544 269 3550 ’
338 3545 421 3598 rum,
435 3540 543 3600 >neque
557 3517 782 3601 neglecturum,
802 3512 853 3582 sed
866 3536 904 3579 eo
917 3516 1088 3581 habiturum
1103 3512 1164 3579 elle
1183 3516 1268 3594 loco,
1289 3543 1371 3602 qno¹

322 3606 499 3687 'ledignum
511 3603 659 3666 iudicarit.
682 3604 816 3663 Tantum
829 3616 929 3662 autem
943 3618 996 3663 tuo
1010 3601 1156 3663 acerrimo
1168 3598 1284 3663 iudicio
1300 3608 1358 3667 tri·

332 3694 417 3765 buit,
442 3705 488 3762 vt,
509 3684 532 3747 st
554 3684 842 3749 excellentiarum
862 3684 1002 3763 probatus
1023 3684 1131 3758 luerit,
1155 3696 1370 3767 caeterorum

331 3776 468 3843 omnium
486 3768 733 3831 maleuolentiam
753 3782 783 3827 et
805 3766 1034 3847 obtreii'ationes
1055 3768 1157 3828 animo
1171 3768 1369 3846 aequiffimni

330 3878 362 3923 et
377 3856 506 3926 maximo
527 3870 724 3913 contemnere
746 3848 924 3911 decreuerit.
972 3846 1063 3923 Quod
1086 3849 1107 3911 li
1125 3848 1200 3911 illud
1224 3872 1368 3929 praetem

234 3928 238 3936 ’
324 3939 409 4024 spem
425 3938 573 4009 enencrit',
594 3952 627 3995 rt
642 3953 672 3995 ot
683 3931 787 3993 inuida
804 3931 1036 3998 obtrectatorum
1056 3953 1108 3995 ota
1131 3930 1357 4017 conticescant

282 4087 288 4099 ,
324 4044 357 4091 et
370 4025 465 4104 aliqui
479 4018 642 4083 candorem
658 4018 728 4079 viris
742 4014 831 4079 bonis
844 4032 875 4079 et
888 4014 980 4091 doctis
994 4018 1120 4102 dignum
1133 4018 1167 4079 in
1184 4014 1359 4163 igldlssande,

1175 4118 1192 4160 a
1234 4121 1361 4185 icant,
