2917 4742
139 327 208 412 no
241 262 711 422 suvtsnnttosmu
755 250 1024 405 uniatur.
1076 268 1215 423 11'914'·
1280 334 1283 341 ’

134 529 312 591 terpreter,
329 512 424 594 longe
444 506 526 573 secur
547 531 582 573 ac
601 511 765 585 hodierni,
792 508 958 593 saepissume
970 512 1159 577 vetustissima
1233 567 1237 577 ,

132 596 324 674 erempirria
335 596 369 658 in
385 590 450 664 vsus
467 591 531 659 suos
546 590 647 655 sedulo
663 596 860 675 conquirere,
881 615 1053 675 eorumque
1066 594 1158 659 fidem

131 675 334 755 invertendo
359 673 444 756 sequi
462 673 604 738 solerent.
642 679 693 741 Do
716 678 931 741 Demosthenis
953 696 1054 739 autent
1067 680 1161 760 iuter·¹

133 762 289 843 pretibur,
316 761 371 839 qui
392 780 460 821 cum
478 778 606 821 numero
628 760 685 821 stnt
704 761 822 839 plures,
842 761 953 842 linguis
967 762 1101 823 e‘tlaude
1114 762 1157 823 di

132 844 233 917 uersi,
267 842 457 904 commodior
485 843 544 904 erit
564 842 685 905 dicendi
712 844 817 905 locut:
852 842 889 903 ad
915 862 1054 905 notarum
1071 844 1153 907 dele·

133 930 213 991 eum
233 944 377 1006 propero.
417 927 454 985 Iu
479 943 636 999 eaautem
660 927 761 1005 operis
779 919 878 1005 purte,
903 944 1022 1005 praeter
1036 925 1157 1007 Wolfio:

131 1034 170 1073 oa
186 1028 272 1090 pene
280 1009 391 1080 omnia,
407 1006 526 1084 (recisis
541 1007 735 1087 paueisfimis,
760 1006 973 1081 immortulbs)
988 1009 1040 1069 vbi
1054 1027 1154 1071 textut

128 1095 270 1157 laborate
299 1090 474 1165 videretur,
495 1108 546 1151 aut
566 1088 662 1153 Codd.
685 1086 881 1171 discrepantia
900 1090 1062 1171 quidquam
1084 1112 1155 1155 eor»
1191 1136 1193 1145 .

126 1176 210 1239 serre
227 1174 265 1235 ad
280 1176 345 1235 eius
357 1191 408 1243 aut
416 1174 555 1246 nitorem,
570 1192 621 1235 aut
632 1170 802 1247 unitatem,
821 1174 865 1233 ibi
879 1173 1032 1237 confilium
1047 1192 1151 1235 meunt
1177 1170 1181 1183 '

129 1254 284 1321 admiscui
331 1257 369 1319 ld
383 1274 484 1317 autem
498 1257 590 1333 quale
603 1254 711 1331 fuerit,
740 1274 842 1349 neque
856 1257 917 1316 mei
934 1252 977 1318 est
993 1256 1052 1316 loti
1068 1254 1152 1319 disse·

128 1362 216 1416 rere,
242 1359 362 1419 neque,
388 1336 411 1402 u
429 1336 462 1399 id
482 1333 672 1419 summopere
691 1334 863 1413 voluissem,
890 1334 1062 1399 iomsuisi'et
1076 1340 1153 1401 inte·

128 1445 240 1508 grum,
271 1442 340 1485 cum
358 1420 469 1482 iud-icio
492 1422 647 1483 communi
669 1440 721 1481 tue
742 1439 903 1501 meamque
913 1421 947 1481 in
960 1440 996 1481 ea
1008 1440 1041 1481 re
1055 1418 1152 1483 existi-

107 1509 300 1577 mationem
322 1505 443 1581 penitus
462 1498 653 1583 submiserim
694 1506 787 1565 Porto
808 1520 923 1577 autem,
952 1523 1153 1583 quaerunque

128 1592 164 1653 in
177 1589 368 1667 eruditorum
382 1580 494 1665 scriptis
509 1586 546 1647 ad
558 1588 709 1648 tutiorem
724 1584 859 1647 nostrum
873 1588 921 1649 vel
930 1586 1151 1663 elucidandum,

129 1676 184 1736 rei
212 1668 440 1735 emendandum
461 1666 628 1747 quidquam
656 1668 806 1731 momenti
836 1668 949 1729 babere
967 1670 1152 1747 uiderentur,

125 1752 235 1819 sedulo
256 1752 449 1832 inuesbgaui.
507 1750 661 1813 Postremo
692 1752 856 1833 plurimum
876 1768 1031 1831 acceptum
1052 1750 1153 1815 refero
1233 1764 1247 1792 ⁶

128 1836 311 1902 humanitati
339 1853 371 1897 et
396 1833 548 1895 dodrinae
570 1828 753 1895 summorum
783 1851 814 1895 et
844 1833 1154 1914 praestantissimorum

124 1923 306 1993 hominum,
324 1920 384 1979 Ier.
407 1914 595 1991 Marklandi,
628 1935 659 1979 et
670 1916 771 1977 Ineobi
783 1918 894 1991 lorini,
912 1936 1039 1996 quotum
1052 1900 1153 1978 butiri
1217 1952 1224 1963 .

128 2008 203 2067 tiam
218 1996 354 2082 impense
368 2000 490 2082 coiere,
510 2018 601 2076 atque
614 2009 739 2079 operam
766 2000 887 2081 egregie
898 2000 932 2059 iu
945 2000 1154 2063 Demosthene
1173 2040 1178 2047 ,
1252 2044 1256 2049 -

128 2104 276 2153 nauatam
286 2084 411 2148 maximi
425 2078 542 2167 semper
555 2080 671 2165 faeere,
691 2100 722 2145 et
737 2078 816 2147 soleo
834 2098 865 2145 et
877 2080 988 2145 debeo.
1219 2070 1226 2093 “

190 2251 247 2311 nis
267 2248 431 2329 adiungam-
449 2248 520 2311 licet
538 2267 698 2329 operamur
726 2249 778 2331 Ty
800 2245 1026 2329 ogtaps-ricarunt
1045 2260 1184 2321 curam,

129 2334 341 2412 meamque-in
356 2352 393 2393 ea
412 2327 496 2393 causa
515 2353 577 2393 non
599 2334 754 2414 vulgarem
768 2268 1007 2408 suicimdiuem,
1021 2346 1072 2391 aut
1084 2346 1155 2389 con·

130 2414 524 2495 temnendamdiligentiam
529 2438 539 2487 3
560 2414 761 2478 charaeterutu
777 2414 971 2495 elegantiam,
992 2430 1023 2472 et
1036 2414 1159 2496 pagina·

129 2516 379 2569 rumaccuratam
392 2498 647 2560 conuenientiam.
687 2498 802 2563 Cur-aui
821 2496 1095 2573 omniumpriruus,
1113 2510 1155 2563 vt,

131 2584 231 2661 qualit
242 2580 324 2643 soret
341 2581 416 2643 ratio
434 2579 578 2662 exarandi
590 2578 839 2660 etdistitrguendi
861 2579 989 2651 Graeca,
1009 2578 1157 2654 taiisquo·

131 2668 246 2744 quein
267 2666 522 2743 interpretatione
548 2661 701 2724 Woisiana
719 2660 931 2743 religiofiffime
952 2657 1155 2729 odltibet·etur;

131 2756 279 2827 quantum
293 2746 328 2824 id
338 2746 449 2807 smeret
468 2740 619 2825 utriusque
634 2748 769 2825 singuae,
798 2743 929 2807 Graecae
943 2739 978 2802 sc.
1000 2763 1031 2803 et
1052 2744 1156 2802 Roma·

129 2852 188 2893 uae
208 2848 316 2894 nutura
339 2845 371 2893 et
393 2830 570 2909 proprietas.
610 2827 765 2907 Siquando
790 2843 945 2887 occurrant
971 2822 986 2899 (¹
994 2838 1156 2887 occurrunt
1231 2865 1235 2871 -

131 2932 235 2976 autem
248 2908 490 2991 saepenumero)
517 2912 623 2986 verba,
652 2931 729 2989 quae
753 2909 887 2990 legitima
907 2909 1009 2982 rotari
1030 2902 1157 2987 possunt,
1193 2908 1196 2919 ’
1261 2918 1266 2925 ’

130 2999 217 3080 leges
239 2991 280 3055 sc.
309 2992 499 3075 populiscitu,
527 2994 708 3067 testimonia,
734 2993 823 3067 ritus,
852 3012 904 3055 aut
924 2988 1005 3053 istius
1035 2989 1157 3069 generis

131 3094 345 3152 monumenta,
367 3095 402 3137 ea
418 3078 519 3138 omnia
538 3078 699 3156 utrobique
717 3076 813 3135 literis
834 3070 1000 3141 maiusculis
1019 3069 1159 3133 distr-imi·
1221 3080 1224 3097 '

130 3166 195 3225 nari
216 3161 313 3223 ruioi'.
330 3158 334 3163 “
353 3156 432 3220 Cura
453 3176 485 3223 et
497 3162 529 3219 itt
550 3160 587 3221 iis
610 3154 712 3220 causae
734 3157 825 3237 ipsius
841 3160 972 3221 tationes
992 3152 1157 3237 saepissime

134 3246 288 3307 contineri
299 3238 390 3316 senii,
411 3259 442 3304 et
455 3259 612 3322 praeterea
626 3262 663 3303 eo
677 3241 799 3302 consiiio
816 3240 970 3319 quendam
983 3238 1064 3319 'quasi
1077 3236 1159 3298 The·

133 3324 268 3401 saurum,
287 3324 349 3386 flue
363 3325 564 3405 repertorium
578 3326 650 3387 iuris
663 3324 757 3389 Anici
776 3325 883 3385 leuiori
897 3342 966 3383 uteo
991 3320 1030 3385 ob
1053 3321 1158 3382 oculor

136 3406 392 3489 repraesentatum
406 3409 443 3469 'tri
469 3408 592 3469 credidi.
632 3406 785 3474 Postremo
805 3424 908 3471 autem
930 3406 1083 3477 omniurn,
1105 3402 1158 3464 fle·
1194 3443 1196 3457 .

134 3514 187 3555 xut
201 3492 274 3555 isioa
289 3508 320 3552 et
334 3489 514 3553 diuerticula
535 3492 678 3553 orationis
707 3484 822 3564 (incisa
838 3489 966 3563 maiora,
993 3486 1054 3548 stue
1074 3506 1158 3566 para·

134 3574 262 3659 gtapbos
282 3570 420 3648 vocarit)
448 3578 529 3637 noua
550 3572 678 3654 quadam
697 3571 815 3633 ratione
836 3570 973 3644 distinxi,
1008 3588 1072 3630 nort
1095 3567 1161 3651 pa'ri
1223 3630 1226 3648 ‚

134 3662 296 3720 uerborum
309 3652 454 3733 dausuia,
474 3667 524 3717 aut
537 3657 663 3735 aequasi¹
678 3656 821 3716 orationis
837 3653 1042 3735 portiuncula,
1068 3670 1104 3713 vr
1114 3650 1161 3711 ilii

137 3740 247 3817 solent,
267 3736 435 3813 dimensus,
455 3734 506 3800 sed
518 3739 689 3822 argumenti
695 3736 795 3818 potius
808 3736 954 3816 pondere,
971 3752 1002 3797 et
1014 3736 1158 3807 iocorum,

140 3847 212 3906 quos
225 3840 353 3896 uocant,
368 3823 510 3883 varietate
516 3842 526 3895 3
545 3826 584 3884 de
599 3840 705 3881 eorum
720 3820 906 3901 prolixitate,
941 3836 991 3879 aut
1011 3818 1164 3881 breuitate

137 3925 237 3971 contra
249 3924 360 3995 parum
373 3900 525 3967 sollicitus.
563 3899 730 3967 Istiusmodi
745 3914 818 3984 ergo
839 3899 957 3981 periodi
976 3900 1088 3981 rbique
1100 3922 1116 3961 a
1129 3898 1164 3959 li·
1256 3964 1259 3983 1

613 3986 668 4067 Ge
682 3998 770 4067 eet
861 4014 864 4031 ¹
999 4011 1002 4021 =
1101 3996 1167 4042 teu

625 4096 632 4106 »
1173 4082 1177 4105 Ι
