2917 4742
125 366 131 393 ·
200 277 927 441 iusvvnororojsrrrrisuit.
1010 368 1147 439 ηις,

99 531 260 607 'leuamdh
278 529 327 592 atri
341 531 404 603 tui,
422 528 691 610 Principisoptimi,
704 528 898 607 praestantia,
913 548 946 591 ac
962 530 1111 613 dignitate

112 616 236 681 illuslrara
248 615 324 677 adeo
340 616 418 675 tlara
431 633 464 673 ac
477 614 603 675 celebris
616 610 733 695 semper
744 614 815 687 suit,
835 632 866 675 vt
880 614 1042 677 conciliare
1055 618 1110 699 libi
1137 674 1140 679 .
1219 642 1224 653 ·

112 705 211 763 animos
220 699 358 761 omniurn
370 696 460 758 sacile
472 696 620 775 potuerit,
641 714 732 776 atque
747 696 786 757 ob
800 696 832 757 id
846 692 908 777 ipse
922 700 1014 781 etiam
1029 719 1110 761 com·

111 785 181 845 suuni
194 783 318 845 nombre
330 776 480 862 propenso
495 797 568 859 erga
581 798 647 839 eam
661 782 763 841 animo
778 776 895 860 semper
906 780 1031 857 fuerim,
1053 786 1113 863 pti·

113 884 276 929 uauramen
293 860 377 925 causa
396 878 487 941 atque
505 862 558 921 illa
576 860 700 949 quidem
723 878 785 923 tam
807 864 906 943 grauis
924 862 1113 929 beneuolen·
1242 924 1245 931 ,

110 938 1111 1025 tireuriliiaccesfir,'vtnunquameamexanimomeoquoadtixero
1180 962 1185 973 ·

110 1028 419 1094 tlladeleturaobliuio
430 1026 480 1102 lit,
499 1027 807 1103 Antoniu's,omnibus
816 1028 948 1107 quidem,
957 1031 1008 1109 qui
1022 1032 1110 1093 illurn

110 1132 256 1189 nonerunt,
272 1134 337 1173 non
343 1112 408 1172 fine
422 1108 609 1190 praefatione
631 1110 836 1171 nominandus
850 1109 941 1171 srater
954 1128 1031 1174 tuus·
1058 1118 1112 1197 qui

110 1220 167 1259 coru
178 1192 395 1259 adolescentiae
407 1211 502 1256 annos
517 1192 654 1253 nondum
667 1190 835 1269 excellisser,
850 1212 882 1254 et
897 1194 985 1255 abbas
998 1198 1111 1261 elesius

110 1280 308 1361 untamgenii
328 1271 506 1359 perspicacia
519 1270 589 1337 esset
611 1275 780 1355 praeditur,
807 1290 890 1337 tantu
912 1273 1110 1357 scientiarum,

109 1384 134 1426 et
144 1368 297 1425 literarum
306 1361 471 1441 praecipue
484 1354 629 1419 sacrarum
642 1378 747 1421 amore
760 1359 973 1435 inflammatus,
983 1360 1065 1425 tinto
1077 1365 1112 1427 in

109 1444 391 1528 negociistraslandis
401 1440 561 1521 prudentia
576 1438 741 1516 instruslus,
757 1458 788 1502 vt
802 1460 840 1503 ex
855 1442 909 1503 ista
921 1440 1033 1505 semilia
1046 1468 1115 1527 pro·

109 1528 194 1605 diill'e,
213 1526 298 1610 quali
314 1520 509 1606 praecipuum
523 1542 650 1605 germen
669 1518 894 1603 agnosceretur,
913 1544 944 1587 et
957 1523 1128 1595 sacerdotii·

109 1606 311 1693 istius'praesul
330 1607 514 1689 dignissimus
524 1608 585 1667 iam
600 1606 777 1680 haberetur,
792 1628 856 1683 me,
877 1629 967 1688 aquo
987 1608 1115 1675 summu·

110 1716 172 1776 pere
183 1692 415 1765 obseruabarur,
433 1690 562 1750 ntaaima
575 1686 810 1769 prosequebatur
824 1692 1054 1771 benevolentia,
1076 1712 1118 1759 at·

110 1782 252 1859 queiurer
265 1796 321 1837 eos
345 1773 522 1853 delegerat,
542 1772 721 1850 quibuscum
748 1770 965 1856 saepenumero
988 1776 1118 1841 versare·

111 1880 159 1935 tur,
183 1882 215 1923 ac
229 1863 271 1921 de
280 1858 433 1933 literatum
441 1854 543 1917 studiis
558 1856 790 1933 colloqueretur.
812 1874 844 1917 vt
858 1874 1027 1937 temperare
1039 1862 1116 1924 aloa

110 1948 165 2007 lore
177 1943 336 2006 interdum
353 1942 402 1999 rix
417 1931 538 2017 possim,
557 1956 625 1997 curn
647 1941 793 2000 memoria
813 1949 935 2018 repeto,
961 1956 1050 2021 quam
1070 1964 1117 2009 re.

110 2047 192 2108 pente
205 2042 309 2087 morte
321 2038 503 2103 praeuentus
518 2018 728 2081 ex’hominum
748 2017 972 2087 consuetudine
988 2029 1118 2093 maxima

109 2100 858 2173 omniurncomiacluraetmoeroresublatusfuerir.
875 2107 907 2166 in
916 2124 1026 2171 tenram
1033 2114 1118 2173 enim

109 2190 182 2273 spem
195 2209 309 2255 omnes
322 2190 498 2261 induxerat,
513 2204 543 2246 vt
556 2206 648 2247 neme
663 2184 744 2261 esset,
765 2189 818 2267 qui
843 2188 1006 2268 dubitaret,
1033 2196 1118 2275 quin,
1138 2195 1143 2212 ¹

110 2279 152 2337 rbi
167 2276 316 2338 maturior
329 2291 409 2333 aeras
423 2266 593 2344 accessisset,
614 2287 645 2339 et
658 2272 837 2333 eruditionis
850 2288 881 2333 er
894 2268 1051 2337 soliditatis
1067 2300 1120 2343 no-

109 2359 165 2421 stris
179 2358 372 2439 temporibus
384 2354 532 2433 fingulare
545 2356 717 2432 exemplum
731 2351 803 2415 esset
816 2352 944 2418 iuturus.
985 2358 1061 2419 Nam
1080 2382 1122 2425 ex

108 2446 166 2503 eius
179 2444 268 2504 obitu
284 2437 695 2500 licetboniomnes-iailur'am
703 2438 862 2497 maximam
870 2436 970 2501 secisse
978 2438 1122 2513 censendi
1192 2434 1194 2441 ⁴
1210 2474 1214 2487 ·

107 2523 281 2607 liaqspeque
288 2516 1124 2600 enumquamsummamdeeohabebant,srustratiiacue·

108 2612 175 2684 rint,
193 2628 257 2688 ego
274 2627 339 2667 non
352 2622 413 2665 tam
434 2600 559 2662 moleste
578 2604 648 2676 tuli,
675 2605 756 2680 quod
778 2605 841 2663 eius
863 2601 1030 2669 sanilillima
1052 2630 1123 2672 con·
1208 2676 1214 2686 ‚¹
1293 2608 1302 2623 “

106 2688 264 2753 suetudine
279 2708 339 2751 tam
352 2703 480 2767 repente
495 2686 655 2758 caruerim,
682 2684 734 2745 ersi
753 2685 784 2746 id
802 2685 874 2747 mihi
889 2692 971 2751 conti
994 2694 1016 2751 'r
1029 2696 1123 2757 mole·

108 2774 275 2847 {lillimunm
304 2792 392 2852 quam
410 2768 500 2847 quod,
520 2788 587 2827 cum
606 2786 645 2828 ex
666 2769 730 2828 eius
750 2768 957 2833 familiaritatel
982 2778 1125 2855 periment
1221 2846 1224 2857 ,

108 2858 180 2939 qnasi
195 2855 354 2939 quoddam
373 2870 406 2913 et
426 2850 582 2931 probitatis
602 2869 633 2912 et
660 2851 808 2913 amicitiae
828 2854 1041 2935 concepissem,
1072 2862 1125 2923 vbi

107 2939 304 3022 ipsedeceffic,
317 2937 498 2998 itaanimum
518 2931 784 3013 despondenmvt,
799 2937 968 3019 quiaquod
985 2940 1079 3004 simile
1093 2946 1125 3006 ri

108 3023 190 3104 esset,
211 3045 282 3086 noa
294 3022 382 3083 sacile
398 3018 620 3097 reperiebatur,
639 3018 819 3097 probitatem
833 3024 960 3100 amplius
973 3024 1126 3088 huiusmo·
1178 3086 1179 3093 ,

107 3109 239 3169 dirllam
255 3107 452 3169 inuenturum
473 3120 522 3162 me
544 3098 604 3160 effe
626 3098 804 3163 diffiderem.
846 3106 935 3163 Nunc
955 3128 1037 3185 vero,
1051 3130 1123 3173 cum
1180 3103 1185 3120 ‘

107 3210 150 3267 nr,
167 3191 329 3253 clarissime
337 3181 503 3257 francisce,
523 3184 576 3263 qui
589 3185 621 3241 in
630 3184 732 3243 locum
741 3185 806 3245 eius
820 3180 979 3265 successisti,
993 3194 1023 3253 et
1038 3194 1124 3274 inge-

108 3280 171 3353 nio,
188 3292 223 3337 er
235 3272 342 3335 studiis
356 3266 447 3351 plane
458 3286 528 3327 eum
543 3266 670 3340 reseras,
691 3268 881 3346 eandemque
896 3290 1012 3335 morum
1026 3278 1128 3355 probi·
1189 3290 1196 3299 '

110 3378 196 3421 tatem
212 3376 290 3438 prae
307 3374 339 3416 te
351 3354 444 3424 seras,
465 3368 570 3410 utnon
593 3364 653 3410 tam
669 3348 839 3428 dignitatis,
867 3374 955 3431 quam
970 3360 1125 3439 propoliti,

107 3428 1128 3522 atqueanitnietiameiussuccelsorsuissevidearis,nihiluereor,quirt

108 3547 171 3587 earn
185 3519 456 3604 exspeslationem,
475 3536 565 3594 quam
580 3515 634 3573 ille
648 3515 687 3573 de
704 3508 734 3575 se
747 3514 828 3594 apud
840 3537 945 3582 omnes
960 3544 1130 3587 concitaue-

109 3630 158 3685 rat,
164 3606 316 3671 sustinere
328 3623 363 3664 ac
374 3601 455 3665 tueri
466 3600 557 3675 eriam
571 3595 730 3677 magnifice
744 3598 839 3679 pollis.
878 3600 1023 3685 Suscipier
1033 3610 1142 3689 igitur,

106 3686 325 3770 inpraesentia
342 3683 595 3770 Demosthenem,
622 3699 657 3741 ac
677 3684 795 3759 quoties
815 3700 885 3743 eum
907 3687 939 3747 in
960 3708 1066 3753 marrus
1086 3688 1132 3757 lu.

109 3797 187 3854 mes,
205 3777 390 3853 hequenrer
404 3767 550 3835 autemid
568 3764 714 3824 saelorum
729 3784 759 3825 te
773 3763 831 3825 ell'e
847 3786 911 3827 non
924 3770 1045 3851 dubito,
1064 3794 1131 3839 uon
1338 3778 1342 3795 ¹

109 3879 166 3924 um
183 3856 336 3921 summum
349 3869 515 3922 oratorem,
537 3866 627 3928 quam
640 3849 802 3909 maximum
817 3849 908 3911 etiam
924 3858 1032 3921 amoris
1051 3858 1084 3921 in
1099 3876 1132 3921 te
1177 3928 1179 3937 ,

111 3947 170 4006 roei
182 3941 336 4008 iodicium
353 3932 472 4018 sumere
491 3950 522 3995 te
538 3930 727 4017 errillimabis.
767 3932 855 3996 Vale.

1059 4101 1132 4197 ςδειι.
