2917 4742
102 500 108 523 „
230 401 246 410 „
326 330 432 480 ana
477 389 506 460 r
526 333 1003 473 connumeremur
1026 387 1287 512 rasuras.
1369 360 1370 363 ‘

308 572 374 634 sais
392 572 509 634 bellurn
532 571 688 645 indixere,
713 569 756 633 ita
782 571 866 633 enim
889 571 1043 651 appellant
1065 592 1171 635 omnes
1191 592 1263 652 eos,
1299 574 1358 654 qui

329 656 446 716 cultum
462 656 605 717 orationis
620 672 653 717 et
662 654 816 715 lenocinia
829 674 892 714 non
909 650 1146 733 persequuntur,
1157 658 1228 719 licet
1242 656 1370 737 verita-t

332 738 376 800 tis
396 736 571 800 subtilissimi
583 753 624 798 ‘et
648 736 802 800 acutiiirini
823 737 1013 818 indagatores
1040 738 1154 818 alioqui
1180 732 1248 801 fini.
1276 755 1311 800 vt
1330 738 1370 800 sa?

267 865 271 877 .
305 841 307 846 ·
330 822 455 900 quando
470 823 503 882 in
519 816 882 904 {incidimus-theologos
905 836 936 882 et
959 820 1134 882 dodiffimos
1154 818 1370 902 philosophos}

254 975 257 990 ,
329 904 493 980 incidantj
510 924 563 965 eos
578 903 703 963 omnino
717 901 907 977 abhorreant,
927 920 958 965 et
974 902 1053 1045 puasr
1072 904 1187 971 inculto
1207 902 1370 983 sermone}

331 987 412 1049 stibii
426 1006 500 1048 vere
515 1002 546 1047 et
560 986 640 1047 secie
653 986 802 1065 explicari
815 986 958 1064 potuerit,
990 984 1028 1047 ed
1041 988 1144 1049 omnia
1163 984 1306 1068 peruersa
1318 994 1370 1049 eti

309 1064 403 1133 ‘salia
422 1069 484 1131 dici
502 1065 675 1143 necesse-fit,
696 1066 955 1142 statimreiiciunt,
974 1088 1008 1127 ac
1022 1065 1173 1131 damnarit.
1194 1090 1300 1150 neque
1309 1072 1370 1129 rid

223 1209 225 1216 .
331 1150 418 1227 deni,
437 1151 587 1214 iiiermae
601 1152 807 1229 eloquentiam
829 1150 898 1211 cornx
917 1170 1001 1213 arare
1021 1154 1219 1230 voluerimus,
1243 1150 1370 1229 statua-i

120 1309 122 1318 ,
186 1231 239 1291 15³
328 1236 446 1307 riorum
464 1235 641 1314 exemplum
655 1234 782 1309 minime
804 1232 853 1294 hic
914 1234 1370 1317 eaccommodatum.quippe1

254 1363 257 1367 -
330 1337 428 1399 quum
442 1318 568 1380 materia
580 1312 765 1378 extrinsecus
779 1314 885 1377 artifici
895 1316 966 1379 huic
983 1312 1203 1397 suppeditetur,
1222 1315 1355 1399 scriptor
1369 1314 1370 1343 i

254 1421 261 1441 t
329 1399 396 1482 ipse
408 1400 541 1462 fibieam
556 1396 838 1479 plerumquefaciat,
851 1417 882 1461 et
895 1400 1020 1463 materia
1033 1398 1139 1462 artifici
1152 1418 1277 1481 propter
1289 1398 1370 1462 sor-3

329 1502 414 1547 mam
441 1482 627 1555 exhibeatur,
638 1482 673 1542 in
694 1500 796 1542 rernm
812 1482 1014 1562 explicatione
1027 1500 1058 1544 et
1070 1481 1274 1546 differtariune
1289 1483 1370 1545 for·¹

310 1585 382 1629 ma
395 1567 434 1627 ob
453 1566 609 1626 materiam
627 1562 831 1625 illustrandam
852 1583 882 1627 et
902 1564 1140 1646 patefaciendam
1161 1566 1370 1643 adhibeatur,

329 1666 365 1711 vt
382 1648 535 1722 videlicet,
556 1645 640 1729 quod
659 1642 761 1708 animo
773 1649 981 1731 concepimus,
1003 1648 1034 1709 id
1048 1651 1220 1729 eloquendo
1234 1652 1283 1711 ita.
1297 1670 1353 1711 ex·
1369 1662 1370 1679 ³

328 1728 504 1815 primamne,
521 1745 553 1790 rt
568 1731 656 1791 alteri
668 1726 843 1792 innotescat.
884 1730 1031 1806 Quocirca
1051 1730 1071 1793 fr
1093 1732 1183 1794 modo
1199 1730 1301 1795 iacere
1314 1732 1355 1795 id

329 1816 448 1889 edunt,
468 1815 562 1955 1οηῖ
577 1814 737 1875 meliorem
750 1830 781 1875 et
805 1814 1106 1879 accommodatiorem
1131 1817 1250 1877 veritati
1268 1836 1355 1877 cotn-

263 1911 267 1920 ’
328 1900 519 1980 parationem
564 1914 648 1957 mere
661 1896 816 1957 anummis
827 1893 957 1978 peffent,
973 1896 1081 1977 quibus
1096 1898 1370 1977 i'ormamateriae,

329 1977 416 2041 causa
429 1979 563 2061 imprimi
584 1975 747 2053 consueuit,
766 1999 826 2059 quo
840 1977 923 2061 ssgno
938 1978 980 2054 iit,
1001 1996 1032 2043 rt
1046 1980 1160 2061 quidet
1174 1984 1280 2063 quanti
1297 2002 1352 2042 va·
1369 1978 1370 2013 ³

330 2064 395 2125 leat
402 2062 534 2135 materia,
547 2058 761 2142 cognoscentes
779 2082 816 2123 ea
828 2061 865 2123 ad
878 2061 1051 2125 necefl'arias
1066 2083 1113 2125 rer
1123 2066 1165 2125 vti
1178 2064 1267 2125 facile
1283 2061 1354 2145 pos-

260 2194 265 2212 ,
330 2144 431 2208 fimus.
455 2144 647 2226 ‚Quiigitur
666 2164 826 2205 nummum
850 2144 898 2205 rel
927 2146 1117 2225 plumbeum,
1156 2148 1205 2207 tel
1231 2149 1370 2226 alioqui}

331 2228 546 2301 adulterinum,
565 2228 620 2289 irbi
635 2244 736 2287 carum
747 2243 910 2309 propterea
928 2228 1027 2304 habet,
1047 2230 1116 2307 quia
1129 2227 1245 2313 ignum
1260 2231 1292 2290 in
1307 2250 1350 2291 eo
1369 2232 1370 2271 ἒ

328 2307 487 2374 artificiose
501 2312 612 2372 iactum
625 2309 795 2385 admiratur,
814 2328 916 2390 neque
930 2330 1009 2386 eum,
1031 2310 1082 2374 etii
1096 2313 1226 2374 maxime
1248 2314 1353 2395 legiti-
1369 2320 1370 2337 ²

331 2414 401 2458 mus
420 2394 469 2469 stt,
490 2384 684 2478 maximeque
704 2388 767 2473 ipse
779 2392 925 2475 indigeat,
940 2394 976 2455 ad
991 2396 1070 2457 vitae
1083 2391 1149 2458 vsus
1162 2396 1349 2474 impendere

330 2482 407 2556 vult,
424 2479 590 2539 utrumme
599 2477 739 2552 abutitur,
760 2476 979 2557 utilitatemque
995 2478 1069 2551 eius,
1087 2477 1350 2561 obquamfignutn
1369 2474 1370 2539 ἶ

252 2612 256 2619 ,
328 2560 378 2625 itu·
401 2554 534 2623 inditum
553 2558 611 2632 est,
631 2560 746 2619 nuliam
772 2561 854 2637 perci
876 2560 908 2621 it.
948 2562 992 2621 At
1012 2560 1099 2621 nobis
1115 2558 1347 2623 itaiacienduni

252 2684 255 2691 f
296 2654 300 2658 '
328 2664 396 2708 non
411 2643 462 2719 est,
479 2640 530 2706 sed
547 2641 619 2703 srcut
629 2642 682 2721 qui
694 2642 745 2701 vei
757 2580 924 2717 neceiiiria,
943 2643 993 2703 vel
1013 2642 1140 2719 diuitiis,
1151 2642 1205 2709 fibi
1225 2664 1349 2726 compa·
1369 2642 1370 2649 '

329 2744 399 2791 rare
412 2729 490 2802 vult,
511 2744 617 2787 omnes
639 2726 688 2785 vel
701 2744 792 2803 quam
807 2725 929 2806 pessune
942 2724 1070 2807 fignatos
1082 2744 1231 2801 nummos,
1250 2728 1347 2798 modo
1369 2746 1370 2751 ¹

196 2848 210 2893 ,·
315 2810 406 2889 'boni
424 2810 489 2884 iint,
508 2830 572 2870 non
584 2823 711 2869 ¹veretur
726 2807 894 2869 admittere.
933 2808 981 2871 Sic
994 2828 1058 2885 nos,
1079 2809 1131 2888 qui
1139 2810 1350 2891 intelligentia
1369 2824 1370 2837 ³

262 2933 265 2938 ·
333 2894 516 2972 indigemus,
536 2892 724 2952 committere
740 2910 805 2951 non
821 2889 975 2965 debemus,
997 2908 1029 2953 vt
1041 2892 1091 2951 rei
1107 2892 1229 2953 barbare
1243 2892 1349 2953 admo·
1369 2904 1370 2967 ξ

213 2975 216 2983 '
330 2975 406 3037 dum
419 2972 540 3055 scriptos
553 2974 654 3045 libros,
679 2972 701 3037 fi
722 2973 871 3034 honarum
891 2994 993 3034 rernm
1008 2972 1159 3035 scientiam
1180 2977 1346 3055 pollicean-
1369 2994 1370 2997 ’

215 3069 233 3094 “·
258 3109 263 3125 .
328 3074 389 3132 tur,
409 3060 470 3117 vilo
484 3057 574 3117 modo
589 3054 800 3135 repudiandos,
815 3058 866 3118 vel
881 3076 970 3135 quam
988 3054 1182 3119 differtiiittne
1203 3058 1347 3137 compost·
1369 3070 1370 3129 ζ

326 3145 386 3216 tos,
407 3138 482 3201 stde
495 3139 652 3200 inutilibus
669 3156 699 3198 et
712 3140 797 3207 carris
810 3140 899 3199 rebus
914 3142 1043 3215 tradant,
1064 3142 1167 3221 magni
1188 3139 1346 3203 faciendos

244 3271 250 3282 .
278 3245 280 3250 ’
328 3218 512 3295 censeamus,
533 3222 722 3301 quinetiam,
740 3219 814 3283 fide
828 3218 909 3285 seriis
923 3240 954 3284 et
968 3218 1240 3285 utilibus‘maxime
1260 3222 1358 3285 diffea

291 3314 295 3319 ’
326 3324 407 3382 rant,
426 3325 491 3365 non
506 3322 622 3368 temere
634 3304 836 3365 admittendos
850 3323 1004 3385 putemus,
1026 3326 1075 3380 ne,
1090 3307 1347 3385 quemadmodum

326 3392 451 3455 iliorum
466 3388 569 3449 oculos
584 3405 725 3447 monetae
737 3384 833 3448 forma
845 3388 887 3449 ita
901 3387 1143 3469 praestringebat,
1165 3406 1195 3451 vt
1208 3392 1251 3452 vti
1265 3392 1345 3453 eain

328 3468 512 3537 neeessarios
534 3471 628 3534 etiam
649 3466 844 3531 sumtusrnon
865 3481 1055 3551 paterentur,
1076 3468 1113 3532 iic
1128 3468 1267 3535 animum
1290 3494 1347 3535 no·
1369 3534 1370 3551 ,

249 3568 256 3594 ··
329 3556 424 3619 strum
437 3565 559 3616 ornatus
574 3554 718 3617 orationis
731 3568 764 3614 et
776 3554 897 3615 dicendi
911 3554 1061 3635 elegantia
1073 3552 1254 3618 extrinsecus
1267 3558 1346 3619 adeo

305 3656 508 3718 „occupatum
524 3637 667 3711 detineat,
686 3653 718 3697 rt
731 3635 770 3697 ad
785 3632 867 3699 senia
878 3632 939 3717 ipsa
954 3636 1167 3701 confideranda
1184 3656 1347 3721 penetrare
1369 3706 1370 3709 ,

329 3741 396 3785 non
419 3719 504 3782 sanat.
542 3723 620 3782 Nam
638 3718 818 3800 inegieiiis
843 3720 949 3796 rebus,
969 3720 999 3781 id
1022 3720 1258 3801 quodfacimus,
1278 3744 1344 3785 non

92 3829 93 3840 ¹
171 3840 178 3847 -
269 3815 272 3821 '
314 3822 400 3879 tam,
416 3822 542 3865 cumeas
557 3798 747 3885 prorsusnon
762 3800 908 3878 discimus,
928 3824 1017 3884 quam
1032 3824 1101 3867 cum
1115 3826 1178 3867 non
1193 3806 1231 3867 ab
1244 3807 1281 3867 iir
1293 3802 1370 3866 dis-¹

288 3935 291 3945 .
329 3890 435 3964 umus,
456 3877 510 3965 qui
521 3906 570 3947 eas
584 3884 711 3959 docent,
730 3880 789 3957 sedi
796 3885 833 3947 ab
854 3887 907 3961 iis,
926 3888 980 3967 qui
994 3907 1045 3973 eas
1060 3889 1269 3951 tantummodo
1285 3891 1348 3950 elo·

221 4042 224 4048 ἱ
298 3994 302 3998 ’
329 3986 476 4053 quuntur,
496 3965 808 4031 sermoniexcolendo
831 3986 936 4031 vacare
956 3972 1154 4046 voluerimus,
1175 3972 1346 4033 verendum

222 4050 229 4131 ’,
320 4052 382 4131 eii,
401 4051 580 4128 aeduinus
592 4054 814 4117 earecaeterit
833 4052 1007 4121 homnibus
1027 4053 1177 4135 praestare
1195 4074 1349 4129 conamur,
1369 4106 1370 4117 s

1290 4158 1351 4218 qua
