2917 4742
123 382 182 482 sn
220 410 375 497 svvtt
413 408 696 487 nuuosrta
731 410 991 488 errarat.
1016 390 1020 401 '
1045 424 1142 508 nr,

272 552 277 564 ’
338 531 637 686 restauruns
685 596 911 669 TAYLOR
995 656 998 667 .

182 747 346 819 Tertium
360 747 455 820 hunc
477 770 800 825 nesrosarrrurs
820 756 974 826 Turnum
997 751 1056 827 u's·

499 927 660 995 cartus
706 932 738 977 s.

121 1028 261 1227 Quae
280 1089 432 1172 praefatur
452 1088 514 1155 sum
538 1094 626 1171 olim,
649 1114 718 1157 cum
730 1096 910 1177 Leptiueam
927 1098 959 1159 in
975 1096 1131 1177 publicum
1211 1102 1213 1109 ’

222 1174 328 1251 emili,
360 1196 397 1237 ea
423 1174 490 1239 fere
511 1179 612 1239 omnia
638 1178 687 1239 hic
712 1178 879 1260 repetenda
907 1178 967 1242 effe
992 1182 1129 1242 arbitror.
1212 1244 1214 1249 ,
1335 1236 1349 1245 .

119 1260 190 1319 lisru
203 1261 337 1334 tritum,
347 1259 425 1338 quid
444 1261 477 1323 in
484 1280 535 1322 me
548 1260 758 1341 praestandum
773 1262 949 1343 receperim,
970 1265 1013 1325 ita
1028 1263 1128 1339 bodies
1255 1305 1258 1313 ·

120 1341 185 1417 quid
199 1341 416 1422 praestiterim-3
441 1342 589 1423 fimulque
613 1346 685 1424 qnid
708 1365 759 1407 me
774 1346 960 1426 impelleret,
983 1364 1014 1407 rt
1028 1342 1147 1425 insolig
1186 1386 1191 1393 -

120 1440 145 1484 to
158 1426 215 1485 boc
229 1424 339 1486 ordine
350 1424 463 1487 edendi
478 1443 592 1502 uteret,
620 1432 672 1507 qui
692 1430 849 1510 nonnuflir
866 1428 1073 1510 praeposterus
1088 1428 1130 1489 vi·

120 1506 180 1566 deti
198 1506 312 1586 potest,
347 1508 379 1568 id
398 1510 502 1588 vtique
521 1511 663 1572 lectorem
684 1511 836 1573 eruditum
866 1512 941 1573 meis
962 1512 1061 1573 verbis
1082 1530 1128 1571 ae
1174 1580 1178 1597 Ι
1232 1531 1235 1535 ·

118 1608 204 1669 quum
227 1588 271 1651 est
292 1589 423 1653 edoceri.
488 1591 551 1665 Qui
573 1588 706 1674 proiedo
728 1590 949 1675 eadem'opera
968 1594 1138 1677 intelliget„
1240 1660 1246 1675 x

119 1691 181 1731 eam
202 1672 397 1749 methodum,
421 1694 511 1753 quam
530 1692 595 1736 tum
615 1676 689 1737 milti
707 1678 740 1736 in
755 1666 812 1737 lt'oc
828 1696 922 1756 opere
935 1673 1128 1755 exsequendo

118 1752 297 1838 praelcripfi,
324 1759 384 1820 iam
405 1756 614 1829 maximafide
636 1778 668 1820 et
688 1760 838 1843 religione
862 1778 945 1823 ame
958 1756 1017 1823 effe
1031 1754 1129 1821 obser·

116 1856 220 1902 um·
470 1874 474 1881 '

170 2004 246 2063 Eam
267 2001 374 2080 igitur,
390 2020 491 2081 'quam
513 2000 591 2077 dixi,
617 2002 786 2063 orationem
808 1984 1037 2083 prmaeium,
1064 2018 1125 2063 eta

116 2081 239 2146 studioso
260 2085 372 2146 lectore
393 2081 516 2159 versari,
541 2103 573 2147 rt
592 2082 774 2164 perspiceret
788 2104 890 2151 meum
909 2090 942 2149 in
955 2088 1001 2149 his
1017 2087 1125 2147 Aneo-
1179 2148 1185 2171 Χ
1214 2112 1220 2124 ¹

117 2169 192 2229 ribus
206 2168 386 2247 euulgandis
399 2166 528 2229 studium
541 2185 573 2229 et
585 2167 756 2229 consilium:
777 2184 809 2230 vt
826 2169 951 2233 haberet
964 2166 1128 2231 industriae
1178 2230 1181 2238 ,

118 2272 199 2313 meae
217 2248 299 2330 quali
319 2252 430 2332 pignus
450 2250 573 2329 aliquod
591 2268 623 2312 et
644 2248 806 2327 tesseram,
833 2254 915 2315 vnde
936 2246 1126 2333 experimen·
1229 2274 1235 2279 ·
1328 2234 1332 2247 ⁸

118 2352 177 2395 tum
197 2331 309 2413 capere
333 2329 497 2413 potuisset,
529 2333 602 2415 quid
622 2332 661 2396 de
679 2334 779 2397 sutura
802 2334 937 2399 editione
960 2332 1128 2416 exspectan

118 2417 185 2478 dum
198 2416 294 2500 foret:
311 2417 441 2477 maxime
456 2437 527 2477 vero
541 2418 694 2491 omnium,
714 2418 832 2479 utillud
847 2418 1008 2492 constaret,
1027 2415 1046 2477 fi
1063 2414 1128 2495 qui·
1170 2438 1173 2453 .
1212 2416 1216 2423 '

116 2502 166 2562 bus
178 2501 254 2561 baec
268 2518 336 2559 mea
349 2520 442 2579 opera
454 2498 729 2579 autiutempestiua,
745 2518 795 2561 aut
815 2519 877 2563 non
893 2498 1052 2563 neceffatia
1066 2494 1126 2559 effe

118 2584 283 2657 rideretur,
316 2579 352 2643 sc'.
378 2602 441 2643 non
460 2582 602 2644 hedenus
623 2580 949 2667 prodiisseteditiouem
984 2598 1127 2647 numo*

120 2686 237 2729 satra
251 2684 334 2729 urs
364 2684 421 2740 ea,
461 2686 522 2745 qua
541 2686 595 2746 pas
609 2683 686 2740 crat,
699 2664 761 2727 fide
782 2682 814 2727 et
834 2666 991 2748 diligentia
1011 2681 1129 2726 emacu-

117 2753 210 2811 latam.

170 2895 249 2976 Nam
271 2930 343 2972 cum
361 2928 481 2983 esrum,
518 2926 596 2989 quae
616 2908 690 2969 olim
713 2909 942 2985 emittebantur,
961 2910 1128 2992 pleraeque

120 2994 240 3058 exiruis
262 3012 295 3056 et
314 2992 437 3055 vetustis
461 2988 527 3053 satis
546 2992 770 3071 exemplaribus
786 2993 856 3054 bitrc
878 2992 951 3055 inde
972 3008 1057 3054 erant
1078 2989 1129 3050 do·

124 3098 275 3159 pronitate,
302 3074 496 3156 sequebatur,
524 3093 572 3150 vt,
589 3074 675 3153 quod
689 3074 822 3157 fingulse
838 3078 887 3136 rix
901 3072 1047 3157 perlicere
1062 3086 1128 3153 pot·
1236 3104 1243 3111 ι

121 3179 214 3239 etam,
244 3160 335 3223 idat)
355 3159 494 3220 omnibus
513 3158 627 3219 collaris
647 3155 781 3219 inuicem
808 3176 839 3220 er
862 3158 1025 3241 diligenter
1046 3157 1128 3217 inter
1149 3234 1150 3238 Ἰ

121 3241 149 3306 le
167 3244 344 3327 comparatis
365 3260 496 3321 aequum
514 3236 587 3301 ess'et
612 3236 790 3319 exspet‘lare.
829 3242 978 3303 Nimirum
1000 3241 1053 3303 illa
1065 3250 1130 3300 etat

120 3323 414 3390 Francol'urtenstum·
427 3324 603 3403 prouincia,
628 3323 709 3403 qui,
737 3344 807 3385 cum
827 3324 994 3386 editionem
1014 3324 1128 3383 Demo·

122 3410 226 3476 libonis
240 3414 285 3471 A.
308 3408 345 3467 D.
369 3406 458 3482 1604
497 3407 530 3467 in
547 3403 584 3467 es
603 3406 677 3466 vrbe
696 3416 910 3486 procurarunt,
933 3400 1128 3476 omneillud,
1219 3411 1223 3419 “

121 3496 195 3574 quod
216 3472 435 3576 praecederat,
483 3489 516 3550 in
533 3486 590 3557 „luo
613 3507 708 3567 opere
736 3488 924 3569 complexuri
942 3486 1136 3549 videbantur·

121 3578 333 3652 Membranas,
369 3574 451 3635 vnde
476 3570 693 3651 antiquissimae
716 3573 867 3634 editiones
896 3570 1131 3643 excudebantur,
1259 3634 1265 3647 ‚
1368 3644 1369 3651 ἵ

122 3655 344 3741 suppeditarunt
371 3658 471 3717 variae
498 3656 641 3719 Italorum
675 3654 902 3717 bibliothecaet
955 3656 1022 3715 lam
1048 3669 1131 3727 vero,

125 3762 188 3803 tum
208 3741 392 3823 Hieronymi
410 3734 529 3814 Wollii,
557 3756 622 3799 tutu
645 3736 715 3798 Gul.
737 3739 860 3799 Morelii
880 3756 988 3818 opera,
1008 3730 1131 3798 attolle·

125 3844 191 3887 tunt
209 3829 306 3888 variae
326 3824 486 3897 ledliones,
513 3841 585 3902 quas
605 3820 655 3880 hic
674 3840 712 3882 ert
730 3820 906 3895 Gallicanis,
930 3821 983 3881 ille
1005 3838 1044 3881 ert
1058 3818 1134 3878 Get·

124 3910 241 3971 manicis
257 3907 478 3990 exemplaribus
499 3903 657 3966 deriuauit.
693 3905 912 3966 Verumtamen
933 3900 995 3965 fiue
1014 3900 1133 3963 festlua·
1260 3964 1263 3967 ,
1349 3961 1351 3970 ,

126 3992 208 4055 tione
225 3992 340 4068 maria,
372 3987 436 4051 due
464 3988 540 4051 illud
562 3985 668 4048 accidit
689 3986 884 4075 incogitantia
901 4003 933 4051 et
953 3986 1135 4056 temeritate,
1230 4024 1234 4033 ,

557 4068 672 4150 Grac
693 4082 711 4147 3
1070 4062 1136 4127 fite
