2917 4742
215 385 251 453 ¹⁴
295 420 350 537 et
404 441 412 453 ·
448 418 486 535 ¹0¹
528 417 554 489 1.
603 375 645 487 R,
690 354 1007 493 PRAEFATIO!
1051 427 1115 491 etc.
1179 440 1183 445 ·

301 600 452 673 editione
464 622 545 671 curn
563 596 638 669 alibi
653 624 673 669 a
686 622 742 669 me
755 592 880 669 diuum
897 594 954 685 fit,
978 592 1092 697 n'aque
1107 622 1166 669 eae
1180 591 1321 686 linterli·
1367 607 1368 691 l

156 702 161 714 “
226 718 233 727 ·
299 704 416 771 tiones
430 702 623 796 primariae,
639 700 770 769 ecodd.
782 697 875 772 mstis
891 698 1057 799 expressae
1068 717 1125 771 aut
1138 694 1322 783 comestae,
1367 702 1368 771 l

213 846 217 853 ·
241 828 246 834 ·
301 805 359 875 hic
376 828 394 871 a
409 826 465 873 me
485 826 555 875 non
577 800 957 895 commemorabuntur)
981 800 1195 875 ‚adminicula
1216 803 1322 893 igitur

153 902 174 949 '¹
244 976 248 983 ,
300 900 422 976 haecfi
439 904 538 973 citius
557 904 752 989 omoiavna
771 902 810 973 ad
826 928 943 975 manus
968 900 1152 976 habuissem
1168 928 1209 973 eo
1235 918 1322 973 tem·
1368 957 1369 985 ,

215 1053 220 1070 ,
301 1030 411 1105 pore,
428 1028 497 1100 quo
511 1006 568 1074 vni
583 1003 664 1075 huic
679 1007 746 1088 rei,
768 1000 959 1077 collefflnni
983 1008 1182 1077 innantium
1206 998 1323 1074 settin
1368 1004 1369 1019 ¹

301 1131 425 1181 nume
447 1106 540 1175 libris
556 1102 814 1198 demosthenicis
837 1106 1069 1205 manuscriptis
1083 1122 1118 1178 et
1135 1107 1254 1203 primis
1273 1119 1322 1175 at·

93 1268 99 1299 ,
300 1234 373 1305 que
386 1204 748 1293 vetustissimisexeulis‚
763 1206 896 1305 cleditus
912 1234 1022 1303 eram,
1053 1210 1164 1279 multo
1180 1207 1321 1299 diligen

126 1379 131 1388 ,
166 1351 170 1361 ·
298 1314 367 1381 tiua
384 1326 420 1381 et
432 1308 503 1380 illae
520 1308 633 1379 ambas
647 1308 784 1380 Aldinas
802 1312 891 1381 inter
906 1309 937 1380 se
958 1305 1189 1394 contulissem,
1221 1306 1321 1405 quod
1369 1338 1370 1343 ¹

191 1416 196 1423 ’
298 1406 460 1483 omissum
475 1410 572 1481 valde
585 1410 706 1498 doleo,
733 1410 959 1483 etFelicianea
976 1413 1096 1499 melius
1114 1408 1215 1489 essem
1226 1408 1319 1481 usus.

297 1514 396 1611 quod
409 1513 477 1582 hoc
493 1514 624 1605 aegrius
646 1510 738 1597 sero,
763 1515 841 1610 quia
860 1512 953 1585 libris
972 1531 1041 1585 tam
1067 1516 1211 1587 inuentu
1234 1514 1320 1582 raris

296 1616 415 1715 paucis
430 1616 534 1710 potiri
549 1614 638 1689 licet.
683 1617 861 1710 Tempore
877 1612 968 1713 post,
983 1619 1096 1686 animo
1109 1614 1149 1685 ccl
1167 1614 1321 1684 aliacon·
1370 1655 1371 1699 ,

297 1715 413 1801 uerso,
438 1717 548 1814 piguit
559 1715 601 1786 ad
614 1712 786 1787 molestam
797 1716 891 1793 illam
908 1742 1047 1813 operam
1070 1718 1214 1815 reuerti,
1247 1740 1321 1811 qua
1370 1706 1371 1727 ¹

297 1814 454 1917 prosette
472 1842 543 1890 non
559 1814 606 1888 cll
622 1818 682 1887 alia
697 1815 849 1889 miserior
862 1818 1050 1904 calamitas,
1073 1842 1153 1889 cum
1170 1816 1322 1907 vitabo·

208 1930 212 1940 '
231 1917 239 1929 ‘
295 1922 399 2004 minis
413 1921 632 2011 grammatici,
647 1918 721 2002 seu,
736 1916 884 2005 fimauis,
897 1923 1015 2009 critici,
1028 1920 1195 2017 copulata,
1212 1940 1321 2015 quern

233 2076 237 2083 .
296 2026 462 2093 variantes
488 2021 664 2113 colligere,
686 2014 786 2090 ctslas
810 2020 1014 2119 plerumque
1039 2048 1157 2094 nuces.
1205 2024 1249 2089 Et
1262 2018 1321 2091 vel
1371 2064 1372 2103 3

163 2124 167 2131 ’
296 2121 343 2195 fic
357 2140 471 2193 tamen
486 2122 578 2193 illa'rn
591 2120 727 2192 inuisam
747 2137 782 2192 et
802 2122 931 2193 exosam
948 2148 1086 2221 operum
1110 2119 1247 2219 prorsus
1263 2120 1323 2192 de·

233 2236 237 2243 ’
295 2228 402 2296 vitare
416 2229 528 2321 isuper
541 2248 613 2295 non
638 2225 757 2319 potui,
778 2222 832 2293 sed
846 2220 976 2309 necesse
991 2225 1095 2297 habui
1115 2224 1229 2295 denuo
1244 2221 1322 2293 sub·

295 2328 358 2413 ire,
371 2351 451 2397 curn
466 2328 586 2422 copiae
601 2325 813 2419 Taylorauae
829 2350 868 2393 ex
890 2326 1012 2418 Anglia
1028 2325 1069 2397 ‘acl
1090 2350 1148 2397 me
1169 2322 1321 2421 perlatae
1372 2368 1373 2395 l

111 2421 114 2436 '
147 2425 150 2434 ’
297 2423 519 2500 excutiendae
527 2422 642 2498 essent.
664 2425 807 2523 iriquod
822 2427 873 2497 his
891 2424 968 2523 ipsis
986 2427 1129 2512 diebus,
1149 2450 1211 2524 pec
1229 2448 1321 2523 qooe

147 2576 153 2587 ·
296 2530 457 2602 nauseans
474 2544 662 2626 ettnrpens
678 2529 718 2599 ad
735 2526 819 2599 nibil
842 2542 931 2615 non,
954 2528 995 2601 ab
1023 2528 1191 2599 eiusmodi
1211 2526 1321 2599 mole·

295 2629 342 2703 sla
357 2658 460 2727 opera
478 2634 598 2723 magis,
622 2654 723 2726 quarn
741 2628 877 2731 vsquam
893 2630 990 2718 alias,
1014 2628 1257 2715 abhorrebam,
1269 2626 1320 2699 sa·

295 2732 456 2805 ciendum
475 2734 559 2802 mibi
573 2730 650 2803 suit.
699 2729 879 2819 Vniuersa,
902 2730 926 2801 ss
943 2756 1009 2828 qua
1024 2732 1085 2817 alia
1101 2734 1135 2801 in
1144 2730 1318 2829 perteedi·

295 2838 346 2905 tio
362 2860 437 2904 mea
455 2830 691 2905 Demosthenis
709 2827 842 2904 desellu
860 2847 895 2901 et
911 2832 985 2905 labe
1007 2832 1151 2930 quadam
1176 2830 1320 2917 laborat,

273 2937 381 3032 xqum
397 2926 532 3006 eilobes
556 2933 697 3005 infidere
721 2934 907 3030 permultas
929 2938 1021 3005 vitro
1042 2930 1249 3018 confitebor,
1281 2936 1317 3005 iu

267 3113 270 3120 ,
295 3037 362 3109 bac
377 3052 473 3133 parte
487 3038 684 3107 variantium
700 3037 753 3106 vel
769 3036 914 3107 maxime
928 3036 1074 3114 laborat,
1096 3030 1226 3107 tametsi
1244 3058 1318 3104 cae·

294 3139 457 3234 teroquin
473 3138 538 3208 hac
553 3136 623 3234 ipsa
639 3139 675 3207 in
701 3154 797 3231 parte
819 3137 963 3235 reliquas
985 3162 1106 3209 ornnes
1126 3136 1317 3235 superiores

294 3242 406 3336 copiis
422 3264 536 3309 rerum
561 3238 739 3309 antecellit.
775 3238 879 3320 Quod
901 3242 986 3311 vltra
1002 3241 1071 3311 hoc
1093 3239 1170 3309 loco
1194 3238 1317 3325 dicam,

294 3354 368 3415 nbn
393 3341 541 3436 habens,
567 3340 669 3411 deum
694 3364 798 3432 rogo,
827 3355 863 3410 vt
887 3344 974 3413 intra
992 3341 1098 3411 breue
1119 3356 1257 3438 tempus
1272 3342 1318 3409 vi·

294 3442 525 3536 rumsortem,
547 3434 792 3514 adolescentem
808 3466 946 3530 nauum,
972 3446 1172 3523 excitatum,
1197 3440 1316 3513 arden·

294 3562 385 3632 tem,
401 3547 529 3637 ingenii
549 3543 737 3641 pollentem
766 3542 909 3631 viribus,
946 3546 1084 3641 reliquis
1117 3538 1318 3617 effluentem

295 3646 596 3719 commoditatibus
613 3661 715 3743 atque
737 3646 1046 3741 oportunitatibus,
1077 3644 1248 3741 impellat,
1278 3658 1318 3713 vt

177 3767 180 3776 ·
296 3752 395 3844 operi
407 3773 490 3820 anre
505 3749 666 3818 inchoato
676 3744 1025 3823 feliotercoroniden
1039 3750 1204 3847 imponat.
1231 3748 1318 3817 Scri·

95 3796 104 3817 Ι
138 3886 143 3894 -
205 3934 213 3950 s
296 3847 346 3951 pti
361 3847 607 3949 Lipfiaetao.
621 3848 697 3922 Iulii
711 3867 835 3956 ¹774,
